3309 5167
1405 382 1835 446 -93—

443 562 607 626 muS,
665 544 850 608 immo
894 562 1033 607 vero
1077 542 1274 606 nescio
1329 562 1416 605 an
1470 542 1540 605 in
1594 543 1715 606 otio
1760 542 1979 607 melius
2026 539 2133 629 (cf.
2172 542 2371 607 etiam
2417 565 2512 628 ep.
2554 544 2657 627 68,
2694 544 2785 626 2).

445 647 574 714 Suo
622 648 824 735 igitur
866 647 1007 713 iure
1053 647 1398 731 respondet
1433 646 1775 733 Epictetus
1820 648 2275 733 magistratum
2313 649 2790 735 concupiscenti

446 752 624 842 (diss,
656 756 772 840 III,
803 758 905 840 22,
937 752 1080 843 83):
1127 758 1464 839 ,,Σανίων,
1510 758 1777 840 μείζονα
1822 759 2164 822 πολιτείαν
2210 760 2437 841 ζητεῖς,
2481 752 2560 841 ἧς
2604 762 2787 821 πολι-

442 864 804 946 τεύεται;“,
841 861 955 927 ubi
981 860 1051 926 in
1078 860 1169 926 eis
1209 884 1371 946 quae
1410 865 1771 945 sequuntur
1797 865 2145 947 utrumque
2180 866 2649 931 πολιτεύεσθαι
2687 864 2790 927 de-

445 970 776 1054 scribitur,
846 974 920 1033 ut
980 968 1049 1033 in
1107 967 1385 1033 Cratetis
1452 991 1616 1053 quae
1679 968 1887 1033 fertur
1940 992 2035 1053 ep.
2083 969 2145 1036 V
2200 971 2569 1056 exponitur,
2634 969 2788 1055 quid

445 1075 705 1141 intersit
749 1076 920 1141 inter
961 1076 1429 1141 πολιτεύεσθαι
1486 1080 1552 1140 et
1597 1081 2013 1159 φιλοσοφεῖν.
2087 1076 2381 1163 Denique
2428 1076 2787 1143 accuratius

446 1204 642 1266 quam
724 1183 1050 1267 superiore
1133 1182 1276 1248 loco
1359 1183 1441 1247 ad
1525 1182 1791 1247 exilium
1869 1182 2029 1249 haec
2112 1184 2433 1250 sententia
2513 1185 2790 1250 refertur

445 1288 590 1353 dial.
639 1289 759 1375 IX,
804 1292 875 1376 4,
921 1292 988 1355 4:
1080 1291 1291 1373 officia
1370 1292 1521 1356 civis
1591 1292 1829 1371 amisit,
1914 1292 2183 1357 hominis
2269 1299 2576 1359 exerceat:
2662 1294 2789 1358 ideo

444 1417 670 1481 mayno
723 1399 932 1463 animo
994 1416 1108 1463 nos
1159 1418 1286 1463 non
1339 1398 1530 1463 unius
1593 1398 1767 1463 urbis
1824 1398 2136 1463 moenibus
2188 1399 2507 1484 clusimus,
2561 1400 2669 1464 secl
2718 1401 2789 1463 in

446 1506 630 1571 totius
700 1506 864 1571 orbis
935 1506 1359 1571 commercium
1431 1506 1747 1571 emisimus
1797 1506 2194 1589 patriamque
2254 1508 2427 1573 nobis
2488 1508 2789 1571 mundum

440 1611 703 1694 professi
745 1632 977 1695 sumus,
1023 1616 1095 1675 ut
1138 1611 1338 1677 liceret
1383 1612 1663 1676 latiorem
1705 1612 1925 1676 virtuti
1968 1632 2252 1694 campum
2290 1614 2462 1697 dare,
2508 1611 2575 1677 id
2612 1612 2785 1696 quod

444 1718 860 1783 confirmatur
917 1717 1008 1783 eis
1057 1740 1221 1803 quae
1267 1721 1652 1803 sequuntur:
1711 1739 2035 1800 nunquam
2080 1720 2170 1784 ita
2218 1720 2329 1785 tibi
2371 1741 2600 1804 mayna
2632 1742 2795 1803 pars

444 1826 802 1904 obstruetur,
847 1830 922 1890 ut
963 1846 1090 1891 non
1131 1826 1337 1891 maior
1389 1826 1796 1908 relinquatur.

620 1932 745 2009 Qui
801 1955 840 1996 a
890 1932 1242 1998 Plutarcho
1298 1932 1657 1997 afferuntur
1709 1931 2089 2000 Archilochi
2151 1955 2401 2019 versus,
2466 1956 2659 2019 quem
2712 1957 2792 1999 ne

324 2060 334 2071 ·
444 2038 774 2105 imitemur
831 2040 1274 2126 admonemur,
1332 2063 1366 2105 e
1413 2040 1593 2104 fonte
1648 2039 2001 2104 translatos
2058 2062 2197 2105 esse
2249 2064 2379 2105 una
2424 2063 2570 2106 cum
2616 2046 2791 2105 ante-

445 2147 819 2212 cedentibus
868 2170 1066 2232 supra
1119 2146 1599 2232 adnotavimus;
1653 2146 1905 2231 reliqua
1949 2151 2064 2211 tuo
2109 2146 2487 2231 permittam
2531 2148 2789 2233 iudicio,

444 2253 512 2318 id
556 2259 815 2319 tantum
854 2253 1092 2319 addens
1137 2251 1445 2338 Cynicam
1491 2253 1774 2319 indicare
1821 2253 2137 2339 originem
2183 2259 2249 2318 et
2286 2256 2460 2339 quod
2497 2277 2610 2320 rex
2644 2254 2793 2320 Per-

445 2384 664 2427 sarum
727 2363 998 2427 affertur
1064 2358 1170 2448 (cf.
1218 2360 1462 2425 Weber
1525 2384 1586 2445 p.
1625 2362 1738 2447 86,
1802 2361 1873 2426 in
1938 2359 2239 2426 additam.
2287 2384 2345 2445 p.
2395 2364 2559 2448 2603
2621 2385 2793 2427 nunc

445 2468 695 2535 Sternb.
727 2470 765 2534 i.
797 2469 1024 2535 Gnom.
1056 2467 1263 2534 Vatic.
1301 2469 1381 2533 ad
1417 2489 1476 2532 n.
1509 2470 1631 2534 201
1679 2469 1917 2551 [Wien.
1947 2472 2101 2535 stud.
2141 2467 2279 2558 XJ),
2328 2474 2393 2533 et
2441 2470 2613 2555 quod
2657 2469 2793 2534 ludi

444 2581 929 2662 enumerantur,
994 2575 1232 2661 quibus
1291 2576 1606 2641 interesse
1662 2576 1873 2659 possit
1936 2578 2021 2642 ἄν
2074 2599 2197 2664 περ
2254 2572 2297 2663 ᾖ
2354 2576 2793 2665 φιλοθέωρος,

447 2706 593 2749 cum
645 2684 715 2749 in
756 2683 1157 2748 memoriam‘
1181 2687 1484 2748 revocent
1529 2682 1891 2767 Diogenem
1936 2685 2016 2748 ad
2061 2684 2337 2749 Isthmia
2381 2688 2447 2749 et
2493 2683 2797 2769 Olympia

448 2790 834 2877 migrantem
882 2788 988 2878 (cf.
1020 2790 1262 2855 Weber
1287 2813 1346 2874 p.
1383 2788 1567 2877 136),
1623 2794 1691 2855 et
1736 2791 1909 2875 quod
1953 2790 2263 2877 Diogenis
2311 2791 2795 2878 apophthegma

446 2902 774 2982 narratur,
850 2920 996 2962 cum
1068 2896 1235 2962 ratio
1301 2896 1438 2961 eius
1503 2896 1590 2961 sit
1664 2920 1811 2962 vere
1877 2895 2118 2983 Cynica
2183 2897 2286 2985 (cf.
2334 2899 2532 2964 etiam
2580 2899 2790 2964 Laert.

446 3003 635 3090 Diog.
674 3004 787 3090 VI,
827 3002 972 3093 45),
1039 3006 1446 3089 quamquam'
1493 3004 1569 3067 de
1623 3003 1936 3089 Euripide
2000 3004 2242 3069 similia
2302 3012 2651 3072 narrantur
2703 3046 2792 3055 —-

445 3113 874 3192 ὀψωνοῦντος
935 3110 1143 3175 αὐτοῦ
1198 3109 1548 3195 ἐπελάβετό
1603 3135 1706 3188 τις
1761 3110 1973 3194 λέγων
2029 3113 2130 3178 ὅτι
2188 3118 2543 3199 Σοφοκλῆς
2594 3125 2791 3181 τοῦτο

446 3221 558 3285 διὰ
594 3222 845 3286 δοῦλον
889 3228 1088 3302 ποιεῖ,
1134 3217 1376 3304 <ἔφη>·
1422 3228 1783 3305 τοιγαροῦν
1820 3224 2176 3304 Σοφοκλῆς
2211 3218 2334 3305 μὲν
2372 3220 2584 3288 ἐσθίει
2622 3226 2793 3302 ὄψον

447 3326 680 3392 ὁποῖον
724 3336 814 3413 τῷ
861 3323 1081 3410 οἰκέτῃ
1127 3323 1391 3412 ἀρέσκῃ,
1438 3324 1564 3409 ἐγὼ
1605 3323 1681 3391 δὲ
1719 3327 1953 3392 ὁποῖον
1990 3325 2075 3392 ἂν
2112 3326 2264 3413 ἐμοί
2296 3326 2551 3415 (Gnom.
2582 3329 2789 3396 Vatic.

449 3433 543 3496 ed.
585 3432 835 3513 Sternb.
889 3433 1126 3514 [Wen.
1165 3434 1322 3499 stud.
1361 3432 1448 3515 X]
1497 3456 1556 3498 n.
1596 3434 1772 3519 275).

627 3542 684 3605 2.
732 3540 834 3604 Ex
872 3539 964 3605 eis
1003 3562 1168 3624 quae
1196 3539 1590 3633 Plutarchus·
1623 3541 1812 3605 affert
1850 3564 1998 3626 cap.
2027 3543 2106 3608 13
2146 3542 2467 3607 clarorum
2504 3543 2791 3609 virorum

451 3646 774 3731 exemplis,
813 3646 925 3731 qui
961 3648 1247 3730 μηδενὸς
1283 3646 1766 3730 ἀναγκάζοντος
1794 3645 1983 3714 αὐτοὶ
2020 3651 2094 3714 τὸ
2124 3649 2445 3738 ἀγκύριον
2472 3651 2790 3737 ἀράμενοι

450 3756 956 3838 μεθωρμίσαντο
1000 3757 1155 3831 τοὺς
1191 3758 1381 3839 βίους
1392 3752 1469 3843 1),
1514 3777 1716 3819 unum
1754 3756 1985 3821 saltem
2021 3756 2290 3822 Homeri
2326 3757 2456 3822 iam
2494 3758 2589 3822 ita
2625 3781 2791 3823 com—

447 3863 750 3943 paratum
827 3881 972 3924 eum
1044 3860 1365 3926 invenisse
1439 3862 1869 3927 demonstrari
1939 3868 2159 3948 potest
2232 3886 2308 3929 eo
2382 3866 2552 3949 quod
2620 3865 2790 3930 idem

450 3966 732 4031 occurrit
776 3965 844 4031 in
890 3965 1077 4032 Dion.
1120 3965 1448 4054 Chrysost.
1490 3991 1578 4033 or.
1619 3969 1865 4035 XLVH
1901 3993 1959 4053 p.
2000 3972 2130 4036 222
2153 3971 2212 4034 R
2247 3971 2330 4056 H,
2377 3994 2539 4056 quae
2587 3973 2790 4056 δημη-

448 4078 643 4161 γοριά
690 4072 764 4140 ἐν
808 4082 886 4159 τῇ
933 4076 1204 4161 πατρίδι
1248 4074 1637 4140 inscribitur.
1722 4076 1854 4141 Ubi
1900 4099 2044 4140 cum
2090 4077 2237 4141 inde
2274 4077 2533 4142 initium
2578 4078 2790 4165 faciat,

447 4186 521 4245 ut
587 4204 722 4246 non
785 4180 1022 4246 mirum
1085 4204 1224 4247 esse
1285 4188 1589 4269 exponat,
1664 4184 1836 4268 quod
1902 4183 2026 4248 viri
2090 4184 2411 4269 sapientes
2476 4208 2510 4249 e
2578 4187 2793 4270 patria

592 4431 644 4497 1)
683 4427 762 4483 Cf.
794 4430 917 4488 Sen.
949 4429 1084 4487 dial.
1111 4428 1154 4499 Ι,
1191 4436 1240 4501 6,
1271 4436 1328 4485 2:
1367 4431 1430 4485 in
1465 4431 1695 4485 exilium
1731 4431 2025 4486 mittuntur
2061 4426 2189 4501 (v'iri
2217 4430 2353 4485 boni
2382 4431 2539 4503 scil.).
2579 4435 2791 4503 quidni,

451 4532 570 4569 cum
607 4518 907 4586 aliquando
943 4521 1054 4588 ipsi
1082 4521 1332 4589 patriam
1366 4537 1480 4574 non
1514 4521 1802 4589 repetituri
1835 4521 2189 4590 relinquant?
