3309 5167
1412 374 1842 439 „51-

456 534 540 601 ἄν
595 560 694 614 τις
757 538 894 622 ἔχοι
955 540 1360 623 βουλόμενος
1423 535 1642 620 λέγειν
1692 537 1998 613 πολλούς.
2093 531 2395 603 Ceterum
2439 534 2795 607 'Clearchus

453 665 660 728 neque
717 644 886 728 apud
941 643 1114 707 hunc
1167 666 1373 728 neque
1429 642 1586 707 alibi
1644 648 2184 709 commemoratur
2238 646 2333 710 ita
2384 650 2459 710 ut
2512 646 2797 713 Musonii

449 749 659 834 ‘ipsius
706 750 1053 815 memoriae
1099 750 1319 815 deberi
1365 750 1675 845 videatur.
2068 762 2071 769 '

629 856 824 941 Apud
859 856 1276 922 Plutarchum
1323 858 1534 942 primo
1581 857 1719 923 eius
1758 858 1987 943 capitis
2026 860 2161 939 (15)
2196 859 2358 945 loce,
2397 864 2526 945 quo
2563 861 2796 926 refelli-

453 968 563 1029 tur
618 964 654 1029 ὁ
700 968 985 1049 νομίζων
1039 964 1310 1043 ἀδοξίαν
1363 974 1442 1051 τῇ
1505 975 1691 1051 φυγῇ
1750 978 2095 1051 προσεῖναι
2156 966 2501 1031 notissima
2551 968 2665 1032 illa
2718 970 2796 1033 de

453 1070 766 1155 Diogenis
804 1076 998 1157 atque
1032 1071 1388 1137 Alexandri
1417 1072 1644 1157 Magni
1684 1094 2033 1158 congressu
2071 1073 2361 1138 narratio
2398 1073 2655 1159 legitur,
2694 1076 2796 1139 cui

452 1177 560 1241 hic
621 1177 774 1242 talis
839 1178 1160 1243 sententia
1223 1178 1484 1243 subdita
1546 1184 1671 1244 est:
1740 1178 2018 1264 Cynicus
2083 1179 2287 1265 igitur
2352 1204 2497 1245 cum
2552 1205 2591 1245 a
2643 1204 2794 1267 rege

451 1284 766 1369 numquid
797 1290 982 1370 'opus
1038 1286 1165 1350 sibi
1213 1286 1310 1351 'sit
1363 1285 1808 1371 interrogante
1862 1291 2071 1373 petat,
2126 1285 2392 1371 paulum
2446 1289 2705 1353 recedat
2760 1312 2793 1353 e

453 1392 606 1478 sole,
643 1391 924 1457 indicare
961 1394 1286 1477 putandus
1326 1398 1426 1457 est
1459 1392 1563 1458 his
1601 1393 1836 1479 verbis,
1876 1393 2102 1479 quanti
2140 1416 2209 1459 se
2238 1395 2453 1479 ipsum
2481 1395 2793 1481 aestimet,

453 1520 600 1562 cum
634 1498 899 1584 reliquis
943 1499 1123 1586 lociS,
1170 1500 1284 1565 ubi
1324 1500 1484 1565 haec
1519 1505 1883 1585 narrantur,
1928 1501 2010 1565 ad
2048 1500 2445 1588 αὐτάρκειαν
2480 1501 2792 1589 Diogenis

451 1606 814 1671 referantur
867 1606 1102 1686 (Laert.
1139 1606 1327 1693 Diog.
1367 1606 1478 1691 VI,
1508 1608 1610 1673 38.
1698 1604 1825 1671 Cic.
1864 1607 2049 1671 Tusc.
2088 1606 2166 1692 V,
2206 1609 2309 1693 32,
2347 1610 2448 1673 92.
2526 1607 2669 1673 Sen.
2713 1610 2791 1673 de

375 1776 378 1779 ε
451 1713 655 1777 benef.
684 1712 762 1797 V,
800 1715 862 1798 4,
893 1716 975 1793 3).
1061 1713 1280 1799 Atque
1327 1714 1421 1779 sic
1467 1712 1729 1779 omnino
1776 1713 2182 1799 intelligitur,
2230 1715 2385 1800 quid
2432 1716 2635 1780 altera
2678 1717 2793 1780 illa

449 1819 934 1884 narratiuncula
969 1819 1121 1885 huic
1159 1820 1461 1885 adiuncta
1488 1820 1613 1885 sibi
1641 1820 1817 1899 velit,
1856 1821 2029 1905 quod
2054 1819 2420 1886 Alexander
2449 1821 2792 1906 ἐκπλαγεὶς

448 1929 523 1992 τὸ
570 1928 882 2012 φρόνημα
917 1927 1084 2012 πρὸς
1118 1930 1276 2005 τοὺς
1310 1931 1552 2012 φίλους
1587 1923 1795 1993 εἶπεν·
1843 1930 1975 2011 ,,Εἰ
2009 1928 2096 2011 μὴ
2134 1926 2560 2012 Ἀλέξανδρος
2595 1930 2792 2014 ἥμην,

449 2032 779 2117 Διογένης
823 2032 908 2098 ἂν
953 2033 1190 2117 ἥμηνίί,
1236 2034 1416 2099 velut
1461 2034 1680 2099 eadem
1728 2033 1965 2098 dixisse
2010 2033 2239 2118 fertur,
2282 2039 2359 2100 ut
2402 2034 2790 2101 Plutarchus

447 2144 672 2205 narrat
717 2138 820 2227 (de
847 2141 1024 2205 Alex.
1053 2142 1194 2205 virt.
1239 2164 1288 2206 c.
1326 2143 1406 2207 10
1450 2166 1509 2227 p.
1542 2144 1727 2227 331),
1776 2142 1948 2226 quod
1994 2141 2219 2229 ἔφριξε
2262 2140 2373 2207 καὶ
2418 2144 2789 2227 κατεπλάγη

448 2249 566 2313 τὸν
603 2250 756 2331 βίον
790 2244 901 2312 καὶ
946 2248 1029 2312 τὸ
1077 2246 1372 2332 ἀξίωμα
1417 2258 1538 2314 τοῦ
1575 2248 1823 2333 ἀνδρός
1863 2253 1977 2312 aut
2016 2246 2130 2334 (ad
2150 2250 2424 2332 princip.
2462 2252 2629 2316 erud.
2668 2272 2715 2314 c.
2747 2252 2789 2315 5

446 2377 506 2438 p.
541 2356 694 2435 782)
741 2354 1092 2438 θαυμάσας
1130 2356 1206 2419 τὸ
1246 2356 1556 2441 φρόνημα
1592 2352 1703 2419 καὶ
1740 2357 1823 2420 τὸ
1872 2354 2210 2439 μέγεθος
2254 2365 2375 2421 τοῦ
2411 2356 2673 2442 ἀνδρός.
2710 2394 2782 2403 -

447 2462 693 2526 Eadem
737 2460 931 2545 ratic,
979 2482 1142 2545 quae
1186 2460 1310 2545 hic,
1359 2460 1558 2525 simili
1604 2459 1705 2525 illi
1749 2459 2060 2545 Diogenis
2109 2460 2280 2527 dicto
2328 2463 2569 2547 subest,
2618 2463 2790 2547 quod

446 2572 665 2632 tamen
717 2566 906 2632 alteri
957 2566 1311 2632 Alexandri
1365 2566 1591 2653 Magni
1649 2566 1919 2652 imagini
1973 2569 2349 2654 respondet,
2413 2592 2608 2655 quam
2663 2570 2790 2636 sibi

447 2676 768 2739 finxerant
797 2673 1038 2758 Cynici.
1113 2672 1278 2739 Cum
1316 2673 1489 2739 enim
1523 2696 1638 2738 rex
1676 2674 1756 2738 ad
1792 2674 2256 2759 philosophum
2298 2674 2517 2740 adiens
2555 2677 2789 2741 dixerit

447 2782 612 2866 »ἐγώ
651 2784 784 2865 εἰμι
816 2779 1241 2868 Ἀλέξανδρος
1277 2782 1313 2847 ὁ
1348 2780 1552 2866 μέγας
1586 2783 1958 2865 βασιλεύςςς,
2002 2782 2110 2847 1110
2144 2782 2358 2867 ,,κάγὼ
2386 2782 2717 2867 Διογένης
2752 2785 2787 2849 ὁ

449 2887 668 2953 κύωνιι
693 2887 1101 2971 respondisse
1126 2891 1431 2953 narratur
1459 2910 1556 2972 ap.
1587 2888 1797 2953 Laert.
1827 2888 2014 2973 Diog.
2032 2888 2144 2975 VI,
2165 2891 2266 2955 60.
2324 2888 2551 2974 Neque
2575 2890 2787 2954 minus

449 3016 526 3057 ea
580 3016 743 3078 quae
801 2996 1160 3078 sequuntur
1211 2993 1283 3057 in
1336 2993 1559 3058 libello
1610 2993 1997 3059 Plutarcheo
2047 2992 2307 3079 Cynicis
2365 2995 2583 3061 deberi
2637 2995 2819 3085 licet·

449 3100 938 3186 contendamUS‚
992 3122 1140 3164 cum
1184 3099 1474 3184 exempla
1519 3100 1598 3164 de
1642 3100 1980 3186 Romanis²
2029 3100 2304 3167 Camillo
2352 3107 2433 3166 et'
2464 3099 2787 3188 Cicerone,

445 3208 651 3291 petita
679 3230 717 3271 a
743 3206 1102 3291 posteriore
1130 3210 1327 3272 manu
1355 3206 1602 3271 adiecta
1630 3230 1769 3273 esse
1796 3207 1985 3273 facile
2016 3208 2222 3274 evinci
2248 3209 2474 3293 possit.
2538 3209 2789 3274 Eodem

447 3320 665 3380 autem
705 3315 936 3399 forma,
983 3337 1146 3399 quae
1190 3314 1343 3378 huic
1389 3314 1747 3379 sententiae
1794 3315 2021 3380 induta
2058 3320 2173 3402 est,
2221 3314 2411 3380 ducit.
2487 3315 2580 3381 Ut
2616 3316 2789 3381 enim

446 3422 552 3486 hic
595 3422 906 3508 exemplis
951 3422 1283 3506 probatur,
1331 3420 1528 3485 etiam
1563 3420 1631 3486 in
1680 3421 1873 3486 exilio
1922 3421 2235 3501 εὐδόξους
2280 3423 2595 3508 quosdam
2630 3446 2785 3510 esse,

449 3527 771 3593 interdum
807 3528 1022 3614 ‘magis
1063 3551 1257 3614 quam
1302 3528 1373 3593 in
1407 3528 1620 3613 patria
1632 3528 1697 3614 1),
1743 3528 1838 3594 ita
1876 3530 2044 3614 apud
2080 3529 2368 3595 Teletem
2412 3528 2500 3618 (p.
2542 3518 2645 3615 36,
2680 3533 2787 3611 10)

448 3638 683 3699 πενίαν
708 3657 840 3699 11011
867 3636 1194 3721 impedire,
1224 3636 1568 3722 quominus
1597 3639 1859 3721 ἔντιμος
1886 3636 2123 3722 aliquis
2162 3635 2249 3701 sit
2276 3637 2371 3701 ita
2388 3636 2787 3701 demonstra-

448 3744 572 3826 tur,
610 3745 683 3805 ut
709 3741 1028 3809 Aristides
1058 3742 1300 3809 Calliae
1339 3748 1721 3829 opponatur,
1756 3744 2088 3828 Lysander
2124 3743 2389 3829 reliquis
2422 3744 2784 3830 Spartiatis,

447 3846 741 3932 Denique
794 3849 1014 3913 eadem
1067 3850 1276 3915 forma
1329 3851 1498 3916 redit
1552 3850 1622 3915 in
1675 3850 1791 3915 1110
1844 3874 1911 3919 π.
1956 3861 2283 3936 κυνισμοῦ
2340 3851 2549 3935 capite
2604 3848 2784 3937 (diss.

445 3954 656 4038 Epict.
686 3955 802 4040 ΠΙ,
831 3958 934 4041 22,
966 3954 1097 4044 78),
1134 3957 1247 4021 ubi
1278 3957 1763 4042 Epaminondas
1802 3958 2025 4023 liberis
2064 3981 2285 4023 carens
2322 3957 2587 4044 reliquis
2625 3956 2787 4031 The-

443 4062 628 4127 banis
678 4062 1044 4149 opponitur,
1088 4064 1410 4130 Homerus
1457 4069 1676 4129 autem
1719 4064 1980 4130 Priamo
2026 4063 2333 4153 (Aeolum
2378 4069 2444 4129 et
2488 4064 2786 4128 Danaum

588 4332 640 4399 1)
679 4328 758 4385 of.
782 4330 818 4384 S
831 4346 923 4386 en.
945 4346 1030 4399 ep.
1055 4332 1138 4400 79,
1163 4334 1230 4385 14
1257 4306 1466 4387 Rutilii
1492 4330 1807 4386 innocentia
1834 4346 1900 4385 ac
1924 4330 2102 4387 virtus
2128 4332 2333 4398 lateret,
2359 4330 2473 4384 nisi
2498 4330 2785 4399 accepisset

444 4415 738 4474 in‘iwriam:
783 4422 914 4475 dum
958 4421 1200 4476 violatwr
1243 4419 1465 4487 effulsit.
1537 4420 1808 4490 numquid
1850 4437 1964 4475 ‘non
2007 4421 2145 4475 sorti
2179 4436 2310 4473 suae
2344 4420 2558 4490 ytatias
2592 4420 2700 4491 eyit
2735 4428 2786 4475 et
2904 4430 2911 4436 “

445 4510 670 4564 exilium
703 4523 863 4564 swam
899 4512 1206 4579 cmnpleoeus
1241 4510 1358 4564 est?

2284 4604 2313 4653 4
2327 4598 2356 4629 se
