3309 5167
1417 344 1844 409 ..35-

465 504 625 587 quin
661 503 1141 588 Stilponeorum
1189 504 1590 587 quorundam
1632 504 2009 568 memoriam
2042 503 2335 569 afferunt.
2408 504 2580 569 Illud
2628 504 2798 570 enim

463 614 533 706 τί
574 606 698 675 οὖν
745 608 1046 695 διαφέρει
1095 609 1336 694 legitur
1379 614 1418 690 ἓ
1455 612 1570 695 333
1626 610 1948 675 sententia
1992 610 2109 675 illa
2151 611 2358 696 magis
2405 634 2558 677 vera
2605 631 2798 695 quam

463 718 710 783 urbana
755 716 1002 783 οὐκοῦν
1045 715 1278 801 κέρδος
1332 715 1497 802 μέγα
1545 724 1949 804 στερηθῆναι
2004 726 2306 803 μοιχικοῦ
2362 722 2800 805 γυναικαρίου

461 825 684 889 eadem
729 828 830 889 est
874 846 1067 907 quam
1115 822 1324 907 Stilpo
1373 824 1867 908 comparationis
1926 847 2119 889 causa
2172 824 2385 910 affert,
2440 831 2513 890 ut
2558 826 2800 890 malum

461 954 595 996 non
649 953 788 995 esse
844 931 1265 1015 demonstret,
1331 931 1693 1017 εὑρεθῆναι
1758 932 1879 1016 τὴν
1916 934 2225 1021 ,πατρίδα
2280 933 2628 1017 μοχθηρὰν
2689 930 2799 997 καὶ

463 1038 820 1122 ἀχάριστον
873 1032 1090 1103 οὖσαν
1127 1034 1341 1124 (Teles
1387 1061 1446 1121 p.
1483 1040 1582 1123 18,
1625 1040 1707 1104 16
1726 1038 1877 1124 sq.);
1933 1039 2207 1124 denique
2263 1044 2550 1105 extrema
2604 1039 2801 1103 verba

465 1141 532 1231 (ἓ
554 1143 670 1230 37)
697 1150 1342 1231 καταφρονηθοῦμεν
1379 1140 1504 1211 οὖν
1547 1146 1679 1211 ὑπὸ
1716 1156 1851 1211 τῶν
1888 1147 2152 1232 Τρώων.
2184 1184 2259 1195 --
2304 1150 2521 1212 Τίνων
2558 1148 2801 1225 ὅντωνς

463 1254 814 1336 φρονίμων
849 1253 1063 1318 ὄντων
1098 1250 1138 1335 ἢ
1176 1252 1520 1339 ἀφρόνων;
1569 1255 1631 1317 εἰ
1665 1256 2035 1338 φρονίμων,
2072 1256 2143 1318 τί
2172 1253 2399 1331 αὐτοῖς
2433 1259 2801 1338 uzol-spect&

465 1360 527 1425 εἰ
570 1356 629 1423 δ’
675 1358 1022 1444 ἀφρόνων,
1069 1364 1140 1425 τί
1179 1360 1341 1445 ὑμῖν
1386 1358 1595 1444 μέλει;
1645 1359 1977 1425 simillima
2022 1364 2177 1425 sunt
2222 1360 2799 1445 argumentationis

461 1464 656 1549 illius,
704 1487 866 1549 quae
911 1464 980 1533 in
1017 1465 1300 1530 Musonii
1346 1489 1411 1531 π.
1450 1474 1670 1551 φυγῆς
1714 1488 2007 1532 sermone
2053 1466 2293 1551 legitur
2328 1466 2475 1531 inde
2514 1489 2552 1530 a
2586 1467 2801 1532 verbis

465 1570 554 1658 (p.
593 1573 692 1657 75,
729 1570 847 1659 20)
901 1570 1011 1637 καὶ
1067 1574 1190 1659 γὰρ
1247 1573 1329 1656 δὴ
1386 1573 1582 1638 δυοῖν
1635 1572 1889 1657 ἀνάγκη
1944 1576 2017 1640 τὸ
2074 1573 2329 1660 ἕτερον,
2385 1571 2425 1655 ἢ
2472 1572 2715 1651 ἀδίκως
2760 1572 2801 1655 ἢ

461 1681 732 1756 δικαίως
795 1695 869 1744 σε
933 1681 1233 1764 φεύγεινε
1297 1684 1568 1764 uterque
1632 1702 1785 1745 vero
1844 1680 2127 1745 Musonii
2190 1680 2371 1745 locus
2436 1702 2515 1745 ex
2579 1679 2803 1745 eadem

460 1786 696 1870 pendet
761 1786 1108 1871 sententia,
1175 1809 1252 1850 ex
1307 1810 1436 1871 qua
1493 1786 1608 1851 illa
1664 1785 1978 1870 Stilponis
2035 1810 2131 1871 ap.
2180 1788 2310 1852 Tel.
2357 1811 2421 1872 p.
2464 1790 2560 1871 18,
2600 1789 2640 1852 3
2662 1810 2799 1871 sqq.

458 1893 630 1957 Illud
670 1892 774 1958 σοὶ
814 1890 888 1959 δὲ
927 1945 975 1957 ..
1013 1893 1054 1977 ἡ
1091 1894 1273 1979 θύρα
1308 1892 1702 1973 κέκλεισταις
1738 1898 1873 1959 tam
1910 1917 2097 1979 saepe
2133 1894 2203 1959 in
2236 1893 2801 1959 dissertationibus

459 2000 818 2084 Epicteteis
857 2000 1190 2085 repetitur,
1235 2006 1310 2065 ut
1353 2000 1599 2085 aliquid
1647 2001 1807 2067 certi
1846 2002 1923 2065 de
1967 2024 2043 2066 eo
2082 2000 2392 2081 affirmari
2426 2023 2560 2065 non
2594 2000 2803 2086 possit

461 2107 566 2194 (cf.
597 2107 836 2192 Upton.
875 2108 946 2171 in
991 2107 1294 2195 adnott.),
1341 2130 1734 2193 quamquam
1778 2109 1997 2173 nescio
2045 2132 2127 2173 an
2174 2108 2240 2173 id
2285 2108 2500 2193 ipsum
2547 2128 2802 2192 quoque

461 2236 494 2277 e
541 2214 746 2279 Bione
794 2214 1110 2299 originem
1157 2214 1412 2279 duxerit
1458 2212 1566 2302 (cf.
1602 2215 1789 2280 Teles
1826 2239 1885 2300 p.
1921 2218 2019 2301 10,
2052 2218 2137 2281 14
2183 2216 2345 2281 ὅταν
2388 2217 2465 2280 τὸ
2512 2213 2802 2280 ἐνοίκιον

461 2321 496 2386 ὁ
543 2323 889 2406 μισθώσας
933 2322 1016 2388 οὐ
1059 2325 1484 2408 κομιζόμενος
1527 2323 1650 2406 τὴν
1695 2324 1920 2408 θύραν
1966 2322 2180 2408 ἀφέλῃ
2225 2343 2277 2386 e.
2316 2345 2373 2406 q.
2414 2320 2512 2407 s.).

636 2427 907 2493 Duobus
955 2433 1173 2493 autem
1216 2427 1320 2493 his
1366 2428 1554 2515 lociS,
1602 2429 1838 2515 quibus
1885 2428 2100 2515 ipsum
2145 2428 2369 2493 Bionis
2415 2451 2651 2494 nomen
2698 2429 2802 2493 ad-

459 2534 697 2621 haeret,
747 2535 1014 2600 tertium
1050 2536 1296 2600 addidit
1330 2557 1538 2620 nuper
1573 2536 1819 2601 Heinze
1860 2533 1959 2623 (de
1986 2536 2144 2601 Hor.
2173 2536 2362 2601 Bion.
2402 2538 2553 2601 imit.
2576 2560 2650 2621 ¹p.
2683 2535 2801 2624 29)

459 2642 893 2708 Horatianum
941 2640 1102 2730 (Sat.
1132 2643 1214 2729 Π,
1237 2645 1296 2727 3,
1325 2638 1719 2729 187-223),
1768 2665 1894 2727 quo
1938 2641 2135 2707 simili
2172 2642 2423 2707 ratione
2459 2642 2801 2728 Agamem-

460 2771 694 2813 nonem
730 2750 937 2814 multo
967 2749 1358 2815 insaniorem
1386 2772 1524 2814 esse
1554 2773 1750 2834 quam
1778 2749 2044 2815 Aiacem
2073 2750 2569 2835 demonstratur,
2610 2772 2801 2833 quem

462 2855 629 2920 hanc
673 2856 881 2939 ipsam
919 2856 1002 2919 ob
1041 2879 1300 2921 causam
1338 2856 1597 2939 sepeliri
1632 2855 1744 2920 ille
1782 2860 1975 2921 vetat.
2051 2855 2319 2921 Minime
2356 2856 2527 2922 enim
2564 2855 2799 2921 mirum

459 2962 717 3028 videtur
763 2963 935 3047 quod
979 2963 1188 3027 forma
1226 2962 1536 3027 orationis
1574 2986 1774 3028 versu.
1803 2962 1897 3028 ita
1934 2964 2188 3029 detersa
2224 2968 2339 3048 est,
2387 2968 2463 3027 ut
2499 2963 2801 3048 cognosci

456 3092 588 3134 non
624 3068 852 3154 possit,
889 3072 1204 3155 quatenus
1243 3073 1571 3135 auctorem
1597 3068 1916 3134 Graecum
1952 3074 2147 3154 atque
2181 3069 2547 3156 tragoediae
2574 3092 2798 3135 versus

460 3179 720 3241 secutus
761 3175 850 3240 sit
885 3180 1094 3259 poeta.
1119 3212 1198 3222 —
1223 3174 1450 3261 Neque
1485 3176 1660 3261 ipsas
1700 3175 2052 3241 sententias
2088 3176 2307 3241 nescio
2344 3199 2428 3241 an
2455 3180 2804 3241 mutaverit

456 3282 788 3368 HoratiUS,
826 3286 900 3346 ut
935 3282 1308 3365 paradoxon
1343 3282 1506 3346 illud
1545 3283 1621 3346 de
1651 3305 1779 3367 quo
1808 3305 1924 3367 per
1936 3286 2165 3368 §totum
2194 3306 2554 3348 sermonem
2583 3286 2801 3369 agitur

461 3390 752 3475 exemplo
799 3388 1306 3473 Agamemnonis
1354 3389 1720 3454 confirmari
1764 3390 2104 3455 videretur.
2124 3387 2173 3476 ¹)

604 3673 659 3741 1)
693 3670 771 3725 Ut
809 3670 1128 3727 universam
1163 3671 1330 3727 huius
1369 3671 1638 3727 sermonis
1676 3671 1924 3728 indolem
1960 3672 2170 3743 optime
2206 3673 2347 3729 mihi
2382 3673 2668 3745 Kiessling
2705 3676 2798 3730 de-

463 3760 702 3815 scribere
745 3759 992 3816 videtur:
1039 3761 1232 3830 „nicht
1274 3761 1474 3817 immer
1519 3761 1665 3817 lasst
1709 3762 1829 3817 sich
1876 3762 2068 3817 scharf
2099 3762 2387 3832 scheiden,
2432 3782 2519 3819 wo
2557 3783 2661 3818 uns
2700 3766 2797 3819 des

462 3849 706 3904 dichters
751 3849 1248 3921 herzensmeinung
1285 3852 1716 3922 entgegentritt‚
1758 3895 1769 3907 .
1802 3895 1814 3909 .
1854 3852 1989 3907 oder
2024 3869 2109 3907 wo
2146 3851 2418 3922 lediglich
2455 3852 2547 3906 die
2584 3852 2799 3906 manier

459 3938 559 3995 der
595 3937 879 3993 stoischen
912 3938 1306 4009 kapuzinaden
1341 3941 1667 3997 travestiert
1700 3941 1895 4011 wird,“
1932 3941 2017 3996 ita
2055 3941 2237 3996 simile
2273 3940 2545 3996 iudicium
2582 3941 2651 3995 de
2681 3958 2795 3995 om-

457 4028 623 4084 nibus
655 4027 735 4083 eis
766 4026 958 4082 satiris
984 4028 1118 4081 ferri
1144 4031 1347 4099 potest,
1387 4030 1448 4085 in
1480 4030 1685 4100 quibus
1714 4030 1889 4085 alium
1916 4021 2239 4100 loquentem
2266 4030 2485 4085 inducit
2509 4028 2795 4086 Horatius.

460 4118 614 4183 Quae
671 4118 740 4171 de
794 4116 1074 4172 industria
1118 4116 1202 4172 ita
1249 4118 1590 4188 disposuisse
1636 4120 1861 4175 videtur
1904 4122 2099 4189 poeta,
2156 4122 2221 4173 ut
2266 4122 2325 4174 et
2371 4119 2509 4173 satis
2554 4118 2796 4190 ingenue

458 4207 600 4263 alios
654 4206 974 4276 vituperare
1030 4207 1201 4274 atque
1255 4206 1488 4263 irridere
1531 4210 1727 4278 posset
1770 4211 1829 4262 et
1874 4208 2041 4263 simul
2088 4224 2147 4262 se
2192 4208 2378 4278 ipsum
2422 4207 2563 4263 satis
2608 4210 2795 4264 tutum

457 4297 796 4365 praestaret3
843 4312 978 4349 nam
1013 4294 1064 4350 si
1100 4294 1226 4364 quis
1262 4299 1490 4366 propter
1525 4297 1674 4352 hanc
1708 4296 1801 4351 vel
1837 4296 1998 4351 illam
2034 4297 2375 4353 sententiam
2412 4313 2537 4351 cum
2575 4313 2641 4351 eo
2678 4298 2794 4352 liti-

460 4388 689 4454 gaturus
727 4387 872 4439 erat:
911 4383 1130 4453 „Quid?
1158 4417 1227 4425 —-
1256 4385 1442 4441 dicere
1478 4387 1703 4455 poterat
1730 4416 1796 4425 -—
1825 4404 1961 4439 num
1989 4402 2093 4456 ego
2120 4385 2183 4439 id
2211 4385 2363 4440 dixi?
2417 4386 2794 4457 Damasippus

463 4474 628 4545 dixit,
673 4474 863 4530 Davus
910 4472 1107 4530 dixit.“
1179 4476 1364 4545 Atque
1410 4476 1636 4563 qualem
1681 4476 1878 4529 horum
1914 4475 2162 4545 ipsorum
2200 4474 2595 4531 auctoritatem
2630 4476 2793 4531 facit!

2296 4565 2365 4619 3*
