3309 5167
1487 378 1913 443 ..93-

535 542 652 621 est,
698 538 808 622 ita,
852 537 1220 622 ubicunque
1265 542 1367 601 est
1413 541 1639 622 terrae,
1686 537 1753 601 in
1800 536 1994 601 exilio
2040 540 2159 601 est.
2232 536 2408 613 Quae
2454 560 2494 601 a
2528 538 2877 623 Plutarcho

533 644 758 729 primis
818 644 1233 729 Empedoclei
1293 644 1592 709 carminis
1657 645 2017 728 probantur
2078 643 2371 709 versibus
2380 696 2398 729 ,
2465 644 2699 729 quibus
2768 644 2878 709 ille

533 752 656 836 οὐχ
715 749 952 817 ἑαυτὸν
1007 749 1399 839 <μόνον>1),
1462 748 1610 817 ἀλλ’
1671 748 1788 836 ἀφ’
1854 749 2095 817 ἑαυτοῦ
2148 752 2399 829 πάντας
2452 749 2879 818 ἀποδείκνυσι

535 857 941 942 μετανάστας
989 854 1282 925 ἐνταῦθα
1319 857 1430 924 καὶ
1469 856 1701 938 ξένους
1736 856 1846 923 καὶ
1884 859 2192 943 φυγάδας
2224 858 2395 944 ἡμᾶς
2440 862 2655 937 ὄντας.
2720 858 2882 923 Cum

536 964 728 1030 exilio
769 965 1175 1029 coniunctam
1211 965 1370 1030 alibi
1406 966 1574 1030 hanc
1602 964 1989 1029 sententiam
2018 988 2151 1030 non
2175 964 2557 1050 invenimus,
2591 965 2882 1050 quamvis

537 1095 576 1135 a
619 1071 996 1138 recentioris
1045 1072 1275 1137 aetatis
1317 1070 1552 1138 Stoicis
1599 1076 1859 1157 recepta
1903 1076 2097 1156 atque
2144 1072 2399 1137 exculta
2444 1071 2549 1157 sit,
2595 1071 2723 1136 nisi
2758 1072 2883 1136 for-

534 1184 708 1244 tasse
758 1201 1089 1263 compares
1139 1178 1283 1245 Sen.
1321 1202 1419 1264 ep.
1457 1181 1561 1266 24,
1605 1182 1716 1246 17:
1763 1180 2101 1263 adliyabor.
2145 1218 2219 1227 -
2270 1181 2424 1262 quid
2464 1180 2679 1245 enim?
2722 1200 2889 1244 nunc

533 1288 771 1353 solutus
840 1288 1026 1353 sum?
1100 1290 1187 1353 ad
1251 1287 1362 1353 hoc
1423 1309 1518 1353 me
1587 1292 1823 1353 natura
1884 1308 2071 1370 yrave
2134 1288 2407 1368 corporis
2466 1288 2589 1351 mei
2637 1288 2887 1370 pondus

535 1396 841 1459 astrinxit.
933 1394 1320 1459 Plutarchus
1375 1395 1534 1459 haec
1591 1394 1753 1459 mihi
1808 1417 1885 1459 ex
1940 1394 2083 1478 ipso
2137 1392 2549 1476 Empedoclis
2608 1393 2886 1457 carmine

536 1500 830 1565 hausisse
876 1500 1147 1586 videtur,
1196 1501 1367 1585 quod
1413 1501 1648 1586 legisse
1696 1524 1844 1565 eum
1892 1499 2294 1586 crediderim,
2348 1522 2495 1565 cum
2540 1503 2606 1564 et
2652 1500 2887 1584 saepis-

535 1608 696 1675 sime
750 1608 819 1673 in
874 1608 1071 1673 variis
1129 1608 1387 1692 scriptis
1434 1608 1757 1693 laudetur,
1813 1612 1879 1672 et
1932 1631 2062 1673 una
2106 1630 2253 1672 cum
2298 1606 2444 1671 aliis
2492 1606 2885 1673 carminibus

535 1714 631 1779 ita
677 1720 1103 1801 enumeretur,
1151 1720 1226 1809 ut
1275 1738 1352 1780 ea
1395 1714 1818 1780 Plutarchum
1865 1714 2079 1799 ipsum
2124 1713 2359 1799 legisse
2404 1714 2752 1779 verisimile
2800 1714 2887 1779 sit

537 1820 764 1909 (quom.
821 1824 984 1889 adol.
1025 1828 1184 1906 poet.
1231 1825 1374 1889 aud.
1421 1824 1546 1889 deb.
1593 1846 1644 1887 c.
1694 1825 1765 1888 2:
1818 1822 1908 1888 τὰ
1965 1819 2025 1886 δ’
2084 1819 2693 1905 Ἐμπεδοκλέους
2748 1825 2885 1906 ἔπη

535 1927 645 1994 καὶ
685 1931 1119 2015 Παρμενίδου
1162 1926 1272 1995 καὶ
1317 1930 1610 2016 θηριακὰ
1647 1929 2039 2014 Νικάνδρου
2082 1926 2194 1993 καὶ
2240 1932 2686 2013 γνωμολογίαι
2729 1931 2888 1994 Θεό-

537 2037 770 2118 γνιδος
812 2039 999 2120 λόγοι
1048 2034 1177 2102 εἰσὶ
1225 2034 1612 2122 κεχρημένοι
1649 2037 1827 2122 παρὰ
1864 2044 2205 2119 ποιητικῆς
2250 2036 2469 2122 ὥσπερ
2518 2038 2732 2121 ὄχημα
2768 2038 2888 2102 τὸν

539 2144 741 2225 ὄγκον
784 2141 895 2209 καὶ
940 2145 1015 2209 τὸ
1064 2141 1326 2230 μέτρον,
1374 2145 1488 2208 ἵνα
1531 2145 1606 2208 τὸ
1652 2144 1849 2221 πεζὸν
1896 2139 2369 2229 διαφύγωσιν).
2454 2141 2683 2227 Neque
2732 2142 2890 2228 quin

537 2272 614 2314 ea
651 2272 814 2334 quae
852 2249 1144 2333 sequitur
1181 2248 1524 2333 explicatio
1563 2248 1622 2313 ei
1662 2239 1973 2315 debeatur
2008 2249 2305 2334 equidem
2332 2249 2639 2335 dubitem,
2669 2273 2889 2334 quam-

543 2379 736 2440 quam
782 2356 1058 2421 fortasse
1101 2355 1465 2439 exemplum
1498 2356 1717 2421 nescio
1757 2356 1913 2441 quid
1952 2362 2210 2422 secutus
2248 2362 2366 2443 est,
2412 2357 2479 2421 id
2517 2357 2688 2442 quod
2725 2358 2887 2423 locis

541 2464 722 2527 velut
765 2463 880 2528 illo
927 2462 1219 2528 Alexidis
1267 2463 1530 2547 probari
1574 2468 1793 2547 potest
1839 2462 1949 2552 (fr.
1988 2466 2117 2529 219
2166 2464 2351 2531 Kock
2396 2487 2457 2530 v.
2496 2467 2535 2530 3
2566 2462 2764 2552 sqq.):

1317 2564 1422 2657 ἆρ’
1475 2569 1596 2635 οὐκ
1642 2565 1827 2636 οἶσθ’
1877 2571 1977 2637 ὅτι

849 2679 925 2743 τὸ
970 2678 1464 2762 καλούμενον
1511 2680 1627 2761 ζῆν
1671 2686 1868 2743 τοῦτο
1916 2678 2331 2764 διατριβῆς
2372 2678 2603 2765 χάριν

850 2782 1064 2868 ὄνομ’
1118 2782 1338 2849 ἐστὶν
1381 2785 1877 2871 ὑποκόρισμα
1922 2792 2056 2867 τῆς
2100 2782 2613 2871 ἀνθρωπίνης

850 2895 987 2975 μοί
993 2915 1160 2977 ρας;

539 2997 928 3083 comparatis
987 3020 1133 3062 cum
1185 2997 1289 3063 his
1346 2997 1683 3063 Plutarchi
1738 2997 1978 3063 verbis:
2034 3006 2151 3081 τῆς
2206 2994 2279 3063 δὲ
2330 3008 2546 3083 ψυχῆς
2598 3000 2887 3065 ἄλλοθεν

539 3106 826 3189 ἡκούσης
872 3107 1072 3190 δεῦρο
1127 3104 1268 3187 τὴν
1324 3103 1640 3187 γένεσιν
1696 3102 2144 3189 ἀποδημίαν
2195 3104 2747 3190 ὑποκορίζεται
2790 3114 2878 3192 τῷ
2912 3137 2925 3147 ·

539 3212 884 3302 πραοτάτῳ
956 3222 1110 3276 τῶν
1183 3211 1616 3296 ὀνομάτων·
1684 3213 1759 3277 τὸ
1824 3208 1884 3275 δ’
1958 3209 2412 3294 ἀληθέστατον
2474 3213 2706 3296 φεύγει
2771 3208 2878 3276 καὶ

538 3327 864 3385 πλανᾶται
910 3323 1171 3396 θείοις
1219 3318 1624 3403 ἐλαυνομένη
1674 3320 2009 3403 δόγμασι
2055 3317 2181 3384 καὶ
2229 3320 2519 3403 νόμοις.
2610 3320 2749 3383 Iam
2794 3341 2885 3383 se-

543 3430 830 3511 quuntur
874 3425 1166 3491 Platonis
1221 3427 1421 3491 verba
1475 3430 1542 3490 et
1596 3448 1819 3490 rursus
1874 3424 2286 3509 Empedoclis
2341 3446 2590 3510 versus,
2651 3426 2885 3510 quibus

542 3532 760 3597 addita
807 3537 959 3597 sunt
1005 3532 1320 3617 quaedam
1365 3548 1399 3597 e
1447 3554 1583 3617 cap.
1623 3534 1665 3597 6
1713 3530 2050 3597 sententiis
2100 3531 2351 3596 iterata.

721 3639 926 3716 Quam
981 3638 1370 3705 sententiam
1433 3662 1580 3705 cum
1636 3639 1729 3705 eis
1792 3661 1955 3723 quae
2010 3660 2089 3703 ex
2142 3638 2510 3704 Aristone
2566 3636 2729 3703 Chio
2784 3640 2889 3704 de-

541 3750 846 3831 prompta
882 3750 1033 3811 suut
1069 3745 1334 3811 minime
1373 3746 1753 3830 consentire,
1802 3768 1948 3809 cum
1982 3749 2246 3828 propter
2282 3744 2649 3811 universam
2686 3744 2890 3811 Stoici

539 3852 718 3917 illius
754 3852 1037 3917 indolem
1072 3851 1421 3918 verisimile
1459 3858 1576 3937 est,
1621 3858 1764 3917 tum
1800 3853 1943 3918 loco
1982 3850 2263 3936 quodam
2297 3851 2504 3916 libelli
2548 3874 2611 3917 π.
2650 3853 2889 3937 εὐθυμ.

541 3960 984 4043 confirmatur,
1048 3959 1163 4023 ubi
1217 3959 1285 4023 in
1343 3982 1476 4044 cap.
1532 3960 1609 4023 19
1668 3958 1987 4043 expressis
2043 3956 2257 4022 verbis
2321 3956 2661 4024 refellitur:
2726 3960 2889 4023 bene

540 4064 712 4130 facta
756 4064 824 4129 in
870 4065 1206 4148 prudentis
1251 4065 1376 4132 viri
1429 4065 1647 4130 animo
1694 4064 2075 4130 memoriam
2120 4063 2496 4147 relinquunt
2505 4062 2587 4152 ²),
2638 4064 2759 4151 ὑφ’
2810 4062 2891 4150 ἧς

687 4333 740 4400 1)
777 4331 854 4386 Ut
891 4331 973 4386 sic
1009 4331 1286 4387 scribatur
1321 4333 1576 4401 postulat
1611 4331 1765 4401 quod
1802 4330 2054 4401 sequitur
2088 4330 2321 4395 πάντας.

689 4422 744 4488 2)
793 4419 872 4475 Of.
921 4437 1014 4476 eos
1063 4438 1202 4490 quos
1248 4421 1434 4475 Hense
1481 4420 1540 4490 (1.
1581 4438 1624 4475 c.
1664 4438 1717 4490 p.
1760 4426 1863 4477 547
1904 4421 2057 4490 adn.)
2102 4420 2250 4475 inter
2295 4437 2353 4475 se
2400 4422 2689 4489 comparat
2732 4419 2887 4476 locos

547 4508 694 4577 (Sen.
724 4524 810 4576 ep.
851 4514 937 4576 99,
967 4517 1024 4577 53
1064 4509 1208 4565 Plut.
1238 4530 1296 4564 π.
1325 4531 1457 4580 φυγ.
1498 4527 1543 4564 c.
1574 4516 1608 4563 4
1643 4528 1698 4579 p.
1732 4515 1836 4564 600
1856 4509 1931 4578 D3
1968 4529 2027 4565 π.
2057 4510 2258 4579 εὐθυμ.
2298 4526 2343 4564 c.
2379 4515 2444 4564 14
2480 4527 2533 4577 p.
2564 4514 2667 4563 473
2688 4510 2771 4579 G).
