3309 5167
1470 446 1543 452 -.
1641 400 1728 472 54
1826 442 1899 450 ,1-

517 571 704 634 detur
751 567 842 634 eis
890 567 1002 653 qui
1047 568 1470 654 ignominiam
1515 567 1711 633 exilio
1765 567 1974 633 inesse
2027 571 2285 653 putent,
2342 565 2520 630 8111118
2576 564 2858 651 primum

518 676 907 763 Cynicorum
955 676 1318 767 exemplum
1363 680 1464 740 est
1509 671 1578 740 in
1614 674 1707 740 eis
1756 698 1919 761 quae
1962 676 2039 739 de
2076 675 2368 761 Diogene
2412 674 2580 737 hanc
2616 672 2686 737 in
2722 694 2860 737 sen-

516 782 854 872 tentiam¹)
902 805 1210 849 conversa
1253 787 1600 849 narrantur
1645 806 1742 868 ap.
1781 782 1993 847 Laert.
2031 782 2219 868 Diog.
2249 782 2361 868 VI,
2389 784 2503 847 49:
2550 780 2859 846 obicienti

518 896 895 975 „ammes
948 906 1071 956 σου
1126 890 1352 975 φυγὴν
1405 888 1869 974 κατέγνωσαν“
1939 888 2108 974 „grah
2164 887 2225 955 δ’
2278 888 2549 955 ἐκείνων
2604 888 2859 975 μονήνίί

517 999 877 1083 respondit3
923 1000 1116 1083 atque
1163 998 1232 1062 in
1275 997 1488 1083 prima
1524 1020 1687 1083 quae
1724 998 1931 1061 fertur
1964 996 2276 1083 Diogenis
2324 996 2620 1081 epistula,
2666 1018 2861 1081 quam

522 1106 682 1192 ipsis
729 1104 976 1170 civibus
1025 1105 1278 1170 misisse
1314 1104 1777 1190 philosophum
1822 1103 2013 1189 fingit
2048 1103 2104 1168 is
2143 1103 2255 1189 qui
2302 1126 2443 1183 eam
2480 1106 2862 1189 composuit,

518 1213 730 1299 prima
780 1213 980 1278 verba
1041 1212 1230 1296 ὑμεῖς
1285 1208 1408 1297 μὲν
1463 1210 1624 1297 ἐμοῦ
1680 1210 1907 1295 φυγὴν
1964 1213 2536 1295 κατεψηφίσασθε,
2602 1208 2729 1294 ἐγὼ
2786 1206 2861 1275 δὲ

519 1322 708 1406 ὑμῶν
753 1321 967 1405 μονήν
1011 1320 1095 1383 ab
1138 1320 1242 1386 his
1265 1307 1270 1311 ’
1291 1318 1703 1404 excipiuntur
1738 1315 1806 1404 (ἓ
1845 1315 1941 1405 2);
1988 1320 2062 1384 τὸ
2117 1314 2241 1403 μὲν
2294 1313 2419 1384 οὖν
2463 1320 2629 1405 πρὸς
2673 1319 2862 1402 ὑμῶν

520 1453 600 1514 με
657 1428 1170 1513 φυγαδευθῆναι
1229 1437 1613 1512 συνηγορεῖ,
1676 1422 1785 1490 καὶ
1848 1426 2135 1492 πιστεύω
2192 1425 2369 1514 αὐτῷ
2432 1431 2685 1510 μᾶλλον
2743 1434 2863 1491 τοῦ

523 1534 774 1621 ἑτέρου·
832 1544 1135 1619 κρεῖττον
1189 1534 1316 1619 γὰρ
1371 1533 1548 1618 παρὰ
1600 1534 1773 1597 πολὺ
1828 1528 2307 1616 διαβάλλεσθαι
2360 1534 2527 1619 πρὸς
2578 1532 2767 1616 ὑμῶν
2822 1531 2862 1617 ἢ

525 1641 957 1707 ἐπαινεῖσθαι.
1001 1678 1082 1687 -
1121 1639 1307 1717 Quod
1355 1638 1525 1703 enim
1570 1636 1995 1725 Anaxagorae
2042 1638 2168 1726 (ap.
2216 1639 2425 1703 Laert.
2464 1638 2655 1725 Diog.
2673 1639 2757 1726 II,
2782 1641 2865 1704 10

524 1753 589 1813 et
643 1747 712 1812 in
766 1768 977 1833 gnom.
1026 1746 1234 1812 Vatic.
1275 1747 1367 1812 ed.
1410 1746 1661 1812 Sternb.
1708 1747 1947 1829 [Wien.
1984 1748 2140 1813 stud.
2178 1747 2267 1829 X]
2313 1770 2372 1812 n.
2417 1745 2573 1835 114)
2629 1746 2867 1812 similia

523 1856 902 1921 tribuuntur
945 1853 1140 1943 (πρὸς
1183 1856 1304 1920 τὸν
1349 1856 1621 1920 εἰπόντα
1668 1851 2072 1940 ,,ἐστερήθης
2110 1850 2528 1949 Ἀθηναίωνίί
2574 1855 2699 1939 ,,οὐ
2745 1851 2866 1939 μὲν

525 1958 671 2047 οὖν,
718 1964 866 2047 ἔφη,
912 1958 1056 2028 ἀλλ’
1100 1961 1341 2027 ἐκεῖνοι
1388 1960 1638 2047 ἐμοῦίί),
1686 1965 1761 2024 ut
1806 1959 2061 2044 saepius
2107 1960 2353 2026 factum
2390 1965 2506 2048 est,
2551 1961 2869 2027 translata

526 2074 679 2135 sunt
714 2070 783 2135 in
819 2068 1019 2134 alium
1063 2091 1228 2154 quae
1273 2068 1351 2133 de
1398 2067 1527 2132 alio
1572 2068 2029 2132 narrabantur:
2078 2068 2236 2152 quin
2272 2065 2515 2152 Cynica
2550 2068 2637 2133 sit
2671 2068 2865 2134 huius

525 2175 1092 2263 apophthegmatis
1155 2175 1337 2261 origo
1399 2174 1686 2241 dubitari
1738 2174 1981 2259 nequit.
2076 2173 2390 2241 Similiter
2441 2175 2867 2262 Anaxagorae

526 2284 688 2349 illud
742 2284 987 2349 dictum
1039 2282 1376 2369 tribuitur,
1432 2282 1716 2367 undique
1763 2304 1963 2368 aeque
2010 2283 2273 2368 longam
2317 2283 2396 2347 ad
2444 2282 2684 2350 Orcum
2729 2304 2869 2349 esse

526 2391 716 2477 viam,
763 2391 857 2455 ita
900 2396 975 2455 ut
1020 2395 1366 2476 utrumque
1411 2395 1759 2475 propterea
1801 2392 2059 2455 tantum
2104 2390 2348 2455 factum
2394 2412 2533 2455 esse
2572 2390 2867 2476 conicias,

527 2499 680 2585 quia
733 2497 1186 2583 Anaxagoram
1248 2497 1531 2583 primum
1583 2496 2123 2582 philosophorum
2176 2520 2210 2561 8
2264 2497 2478 2583 patria
2531 2499 2871 2584 expulsum

528 2628 667 2685 8888
703 2610 934 2670 notum
962 2609 1119 2672 erat.
1181 2604 1407 2691 Neque
1443 2606 1721 2670 fortasse
1761 2604 1937 2671 casui
1973 2604 2242 2691 tribuae,
2273 2606 2445 2691 quod
2475 2627 2619 2669 cum
2654 2605 2870 2690 priore

528 2714 642 2779 illo
690 2712 866 2778 dicto
914 2711 1330 2777 coniunctum
1364 2712 1433 2777 in
1469 2733 1681 2799 gnom.
1712 2711 1918 2777 Vatic.
1958 2712 2235 2777 alterum
2272 2711 2651 2798 invenimUS,
2698 2713 2871 2799 quod

530 2845 628 2906 ap.
667 2820 879 2886 Laert.
915 2819 1105 2906 Diog.
1146 2842 1403 2906 quoque
1442 2820 1602 2885 illud
1649 2819 1967 2905 sequitur:
2010 2816 2450 2907 Ἀναξαγόρας
2496 2818 2873 2907 ἐρωτηθείς,
2904 2854 2913 2865 ·

533 2931 628 3006 είς
679 2931 751 2993 τί
803 2924 1177 3012 γεγένηται,
1233 2930 1390 3012 ἔφη,
1446 2929 1540 3005 εἰς
1585 2929 1660 2993 τὸ
1706 2936 1824 3011 τῆς
1869 2927 2133 3011 φύσεως
2178 2929 2338 3013 ἔργα
2383 2933 2723 3014 θεωρῆσαι
2770 2925 2873 3015 (1113

529 3035 638 3100 1118
684 3036 888 3120 φύσις
925 3034 1165 3119 legitur
1209 3058 1272 3099 n.-
1314 3036 1467 3119 1163
1515 3056 1610 3119 ap.
1649 3033 1859 3098 Laert.
1907 3055 2025 3118 pro
2073 3056 2147 3098 ea
2187 3034 2388 3099 habes
2420 3020 2534 3112 ,εἰς
2576 3037 2873 3121 θεωρίαν

533 3145 660 3227 ἔφη
705 3141 899 3225 ἡλίου
944 3140 1056 3207 καὶ
1101 3143 1381 3225 σελήνης
1424 3138 1534 3237 παὶ
1585 3140 1911 3227 οὐρανοῦ)
1958 3146 2033 3206 1113
2077 3141 2355 3227 patriam
2402 3139 2642 3227 (Laert.
2678 3141 2762 3228 II,
2801 3140 2871 3230 7)

533 3249 782 3319 caelum
828 3270 967 3314 esse
1015 3248 1187 3314 dicat
1230 3246 1338 3337 (cf.
1379 3247 1587 3313 Zeller
1628 3248 1681 3333 I,
1728 3250 1875 3333 911,
1914 3246 1999 3335 5).
2013 3246 2067 3335 ²)

707 3355 883 3421 Illud
929 3356 1102 3440 quod
1147 3356 1353 3421 fertur
1389 3355 1703 3442 Diogenis
1750 3354 1995 3420 dictum
2040 3355 2122 3420 ab
2170 3354 2313 3421 aliis
2352 3355 2529 3421 varie
2570 3360 2875 3422 retracta-

534 3470 684 3530 tum·
704 3467 827 3529 est:
870 3462 1050 3528 velut
1077 3486 1116 3527 a
1144 3461 1449 3529 Cicerone
1487 3462 1554 3528 in
1591 3464 1809 3548 parad.
1836 3461 1947 3548 IV,
1986 3462 2099 3527 ubi
2134 3461 2297 3528 illud
2335 3463 2437 3530 ὅτι
2472 3472 2600 3541 πᾶς
2636 3465 2875 3551 ἄφρων

535 3574 836 3657 μαίνεται
880 3569 975 3635 1138
1017 3574 1274 3655 tractat,
1319 3576 1394 3635 1113
1435 3570 1654 3655 potius
1703 3570 1773 3634 in
1813 3567 2112 3634 Clodium
2155 3570 2513 3657 invehatur,
2560 3593 2751 3655 quam
2800 3575 2875 3637 ut

535 3675 910 3765 philosophi
955 3697 1133 3742 more
1178 3676 1466 3743 disserat.
1552 3677 1685 3743 Ubi
1730 3700 1861 3763 qua
1906 3680 2044 3741 erat
2087 3677 2405 3741 modestia
2435 3684 2610 3760 potes
2653 3684 2874 3762 autem,

536 3785 775 3870 inquit,
820 3805 944 3851 esse
988 3790 1054 3851 tu
1089 3786 1264 3870 civiS,
1305 3790 1551 3869 propter
1585 3806 1763 3868 quem
1806 3785 2143 3867 aliquando
2187 3785 2403 3851 civitas
2445 3807 2572 3851 non
2602 3786 2775 3867 fuit?
2820 3790 2878 3850 et

684 4020 736 4085 1)
771 4015 920 4069 Nam
973 4031 1111 4069 voce
1156 4013 1325 4068 πάλιν
1370 4014 1475 4068 1108
1533 4012 1951 4083 apophthegma
2006 4030 2133 4067 cum
2180 4012 2536 4069 antecedenti
2578 4011 2870 4068 cohaerere

537 4105 837 4173 indicatur,
874 4104 1026 4173 quod
1061 4103 1247 4173 ipsum
1273 4101 1458 4157 verbis
1494 4102 1634 4173 πρὸς
1671 4100 1733 4157 δὲ
1770 4102 1868 4156 τὸν
1898 4101 2345 4158 ὀνειδίσαντα
2380 4105 2528 4177 αὐτῷ
2555 4102 2656 4177 τὴν
2685 4099 2871 4170 φυγήν

539 4194 839 4249 inducitur.
872 4226 935 4233 —
966 4192 1048 4247 De
1087 4192 1203 4247 alia
1238 4192 1403 4246 huius
1441 4190 1897 4246 narratiunculae
1933 4192 2297 4262 usurpatione
2334 4193 2403 4248 cf.
2443 4192 2603 4248 infra.

681 4284 736 4353 2)
772 4282 1039 4337 Eiusdem
1066 4281 1285 4353 generis
1323 4282 1410 4336 est
1438 4280 1651 4357 dictum
1687 4280 1831 4335 illud
1869 4282 1939 4337 de
1974 4281 2172 4336 mortis
2206 4280 2687 4349 condemnatione,
2724 4279 2877 4348 quod

539 4373 911 4441 Anaxagorae
937 4372 1161 4441 praeter
1189 4372 1475 4426 Socratem
1501 4370 1771 4425 tribuitur
1798 4373 2110 4440 propterea,
2145 4370 2280 4438 quia
2306 4370 2517 4439 primus
2547 4373 2669 4425 erat
2694 4368 2877 4440 philo-

542 4461 858 4530 sophorum,
897 4477 1062 4529 quem
1091 4460 1458 4515 Athenienses
1487 4460 1691 4530 capitis
1726 4460 2118 4516 damnaverint
2145 4460 2347 4528 (Laert.
2378 4458 2539 4529 Diog.
2569 4460 2638 4528 Π,
2668 4466 2752 4515 13.
2784 4464 2883 4528 353

543 4549 737 4604 Gnom.
766 4548 949 4605 Vatic.
978 4568 1032 4604 n.
1065 4554 1181 4604 116.
1212 4554 1354 4619 487).
