3309 5167
1480 422 1552 429 ,i
1639 386 1783 487 -110
1880 423 1953 429 ,-

545 544 922 610 Aristonem
974 543 1254 628 resipere
1311 543 1592 629 videtur,
1648 544 1761 629 qui
1818 543 2179 628 complures
2235 543 2312 607 de
2360 542 2561 607 oculis
2610 543 2888 627 sumpsit

545 652 999 718 similitudines
1047 650 1219 740 (Sen.
1252 674 1346 736 ep.
1378 653 1481 736 94,
1513 652 1579 736 53
1628 651 1705 716 cf.
1735 674 1799 717 π.
1829 675 1986 735 φυγ.
2022 673 2069 715 c.
2102 652 2142 716 3
2178 673 2237 716 v.
2265 648 2509 713 Heinze
2545 674 2603 734 p.
2640 648 2886 737 522).1)

721 759 814 825 Ut
869 782 1067 844 supra
1119 758 1234 823 illa
1293 782 1518 824 versus
1573 758 1881 823 Hesiodei
1944 756 2371 841 explicatione
2429 756 2525 821 ita
2578 781 2733 822 usus
2788 763 2889 827 est

543 866 930 932 Plutarchus
939 919 956 953 ,
1013 870 1088 931 ut
1130 871 1356 951 poetas
1400 888 1534 931 non
1580 887 1833 949 semper
1884 864 2214 949 propriam
2258 866 2603 929 verborum
2649 865 2889 951 signifi-

545 974 864 1039 cationem
901 972 1182 1058 intelligi
1217 972 1384 1038 velle
1421 973 1911 1057 demonstraret,
1951 972 2045 1035 ita
2072 971 2241 1035 idem
2271 971 2627 1056 explicatur
2656 972 2891 1059 ἀρετῆς

543 1086 611 1145 et
654 1085 884 1158 κακίας
930 1080 1239 1164 exemplis
1289 1078 1374 1167 (p.
1408 1082 1494 1145 24
1523 1077 1573 1144 G
1605 1077 1793 1167 sqq.).
1887 1079 2063 1156 Quae
2110 1101 2255 1143 cum
2301 1101 2417 1163 per
2462 1102 2531 1144 se
2578 1080 2671 1145 sic
2718 1080 2920 1144 inter,

549 1211 617 1253 se
654 1188 956 1273 opposita
982 1188 1356 1253 Aristonem
1394 1188 1703 1273 redolent,
1740 1192 1881 1251 tum
1919 1187 2175 1273 singula
2212 1188 2529 1271 quaedam
2562 1189 2887 1252 accedunt.

540 1293 809 1382 Ἀρετήν
847 1294 1018 1360 enim
1053 1294 1312 1380 proprie
1349 1294 1477 1358 dici
1518 1293 1669 1382 περὶ
1706 1304 1823 1379 τῆς
1860 1294 2131 1382 ἀρίστης
2165 1292 2276 1359 καὶ
2304 1294 2664 1377 ’θειοτάτης
2700 1294 2892 1373 ἕξεως

545 1401 618 1467 ἐν
655 1402 816 1487 ἡμῖν
855 1400 960 1490 (cf.
988 1424 1036 1467 c.
1067 1405 1138 1467 11
1182 1404 1606 1467 θειότατον
1641 1403 1765 1486 τὴν
1802 1406 2135 1488 φρόνησιν
2170 1399 2281 1466 καὶ
2320 1399 2892 1490 βασιλικώτατον),

545 1509 630 1591 ἢν
665 1510 998 1596 ὀρθότητα
1045 1512 1286 1591 λόγου
1330 1507 1439 1573 καὶ
1479 1507 1803 1595 ἀκρότητα
1850 1515 2171 1592 λογικῆς
2217 1509 2527 1592 φύσεως
2570 1507 2680 1574 καὶ
2719 1510 2889 1574 διά-

543 1624 778 1683 θεσιν
825 1614 1473 1702 ὁμολογουμένην
1508 1626 1761 1701 ψυχῆς
1806 1626 2094 1701 νοοῦμεν
2132 1615 2477 1699 exponitur
2514 1614 2619 1704 (cf.
2661 1614 2892 1680 Galeni

543 1724 740 1789 verba
812 1728 997 1809 μίαν
1071 1719 1241 1789 εἶναι
1315 1733 1449 1807 τῆς
1522 1733 1777 1809 ψυχῆς
1851 1725 2197 1809 δύναμιν
2271 1717 2311 1809 ᾗ
2382 1727 2892 1809 λογιζόμεθα;

541 1835 856 1917 λογισμός
920 1837 986 1896 et
1050 1831 1354 1909 διάθεσις
1407 1830 1477 1894 in
1530 1829 1895 1895 Aristoneis
1951 1830 2196 1914 passim
2262 1830 2893 1918 commemorantur),

541 1944 768 2005 contra
812 1938 882 2003 in
925 1960 1114 2003 versu
1162 1937 1277 2002 illo

609 2051 778 2123 Ζεῦς
823 2043 883 2109 δ’
941 2044 1227 2132 ἀρετὴν
1272 2045 1632 2131 ἄνδρεσσιν
1678 2032 1949 2130 ὀφέλλει
1991 2068 2061 2110 τε
2108 2032 2381 2129 μινύθει
2426 2068 2497 2110 τε
2542 2043 2639 2133 (Τ
2667 2044 2828 2133 242)

539 2176 672 2218 non
715 2152 976 2237 proprie
1021 2150 1302 2237 intelligi
1348 2174 1540 2235 posse
1592 2150 1927 2216 virtutem:
1987 2174 2119 2215 non
2173 2152 2345 2216 enim
2400 2150 2506 2217 ἐπὶ
2560 2163 2650 2238 τῇ
2702 2156 2894 2240 τύχῃ

539 2266 805 2325 κεῖσθαι
860 2260 999 2343 τὴν
1054 2261 1449 2345 φρόνησιν
1503 2257 1730 2338 αὔξειν
1784 2256 1825 2343 ἢ
1879 2260 2186 2324 κολούειν
2234 2259 2341 2344 (cf.
2380 2282 2427 2324 s.
2464 2284 2525 2344 p.
2568 2262 2677 2346 733
2722 2260 2895 2327 idem

540 2367 744 2452 igitur
778 2366 968 2450 plane
1007 2365 1249 2453 ἀρετήν
1286 2370 1352 2429 et
1388 2368 1723 2452 φρόνησιν
1760 2388 1899 2429 esse
1935 2362 2245 2451 ponitur).
2324 2364 2636 2432 Similiter
2672 2369 2895 2433 eadem

541 2474 618 2536 de
664 2476 859 2559 κακίᾳ
904 2474 1339 2556 exponuntur3
1387 2471 1606 2536 omnia
1650 2476 1869 2535 autem
1914 2476 2052 2535 arte
2098 2471 2269 2536 inter
2306 2494 2373 2537 se
2414 2474 2752 2539 cohaerere
2790 2476 2896 2540 vel

541 2603 619 2645 ex
665 2602 740 2645 eo
793 2583 1089 2664 apparet,
1147 2578 1320 2662 quod
1375 2578 1634 2643 eaedem
1692 2600 1944 2661 semper
1995 2578 2295 2644 notiones
2351 2581 2621 2645 redeunt
2668 2581 2897 2665 (δόξας

540 2684 649 2751 καὶ
689 2687 1005 2771 δυνάμεις
1048 2684 1154 2751 vel
1198 2686 1320 2768 τὴν
1357 2684 1666 2765 εὐδοξίαν
1700 2684 1811 2750 καὶ
1848 2685 1973 2768 τὴν
2009 2686 2297 2771 δύναμιν
2322 2711 2381 2771 p.
2412 2688 2597 2774 24D3
2635 2690 2896 2754 eaedem

469 2806 480 2817 “
539 2817 668 2858 una
723 2816 866 2858 cum
924 2792 1193 2880 εὐτυχία
1244 2792 1328 2856 ib.
1366 2792 1453 2878 E3
1509 2792 1759 2877 priores
1814 2792 1964 2857 illae
2011 2794 2172 2857 duae
2218 2818 2277 2878 p.
2318 2796 2404 2861 25
2424 2793 2515 2883 A)
2569 2799 2643 2860 ut
2690 2797 2889 2860 etiam

539 2901 820 2986 propriis
878 2900 1095 2967 verbis
1149 2900 1308 2966 haec
1361 2901 1683 2985 particula
1738 2900 2067 2966 inducitur
2130 2902 2426 2989 (σφόδρα
2482 2900 2557 2967 δὲ
2622 2905 2729 2969 δεῖ
2780 2902 2890 2969 καὶ

541 3021 681 3085 τοῖς
727 3010 952 3086 ἄλλοις
999 3008 1278 3093 ὀνόμασι
1324 3006 1677 3094 προσέχειν
1714 3058 1729 3073 .
1760 3005 1821 3094 ..)

717 3115 898 3182 Idem
962 3113 1180 3180 videas
1246 3114 1400 3179 licet
1462 3115 1533 3180 in
1564 3137 1719 3198 cap.
1766 3117 1845 3180 13
1892 3138 1951 3199 p.
1993 3114 2151 3181 35A
2204 3116 2347 3180 fieri
2410 3116 2625 3181 verbis
2686 3116 2887 3181 hisce:

539 3233 736 3289 τοῦτο
803 3220 864 3287 δ’
923 3221 1094 3306 ἡμᾶς
1157 3222 1365 3299 εὐθὺς
1427 3222 1911 3307 ὑπομιμνήσκει
1975 3224 2049 3288 τὸ
2114 3223 2530 3308 παράδειγμα
2594 3225 2668 3289 τὸ
2734 3228 2889 3301 τοὺς

540 3333 792 3413 ψόγους
837 3328 1254 3415 ἀποθεωρεῖν
1290 3327 1400 3393 καὶ
1445 3332 1602 3407 τοὺς
1639 3328 1953 3407 ἐπαίνους
2000 3328 2073 3394 ἐν
2118 3342 2258 3423 τοῖς
2286 3328 2571 3417 Ὁμήρου
2607 3330 2887 3415 μάλιστα

540 3439 915 3521 ποιήμασιν.
989 3435 1122 3501 Ubi
1158 3435 1533 3501 Aristonem
1577 3435 1900 3520 resipiunt
1947 3459 2109 3521 quae
2153 3436 2453 3521 deinceps
2502 3442 2888 3523 sequuntur:

427 3538 430 3543 ’
541 3546 824 3627 ἔμφασις
867 3544 992 3629 γὰρ
1039 3546 1334 3626 γίγνεται
1379 3543 1627 3627 μεγάλη
1684 3553 1802 3608 τοῦ
1848 3545 1928 3608 τὰ
1975 3545 2375 3628 σωματικὰ
2420 3542 2547 3609 καὶ
2594 3547 2893 3630 τυχηρὰ
3014 3592 3025 3601 ,

541 3651 627 3735 μὴ
677 3650 961 3734 μεγάλης
1006 3650 1156 3728 ἄξια
1203 3650 1497 3733 σπουδῆς
1541 3654 1865 3735 νομίζειν,
1920 3652 2093 3735 quod
2141 3655 2205 3715 et
2250 3650 2320 3715 in
2364 3651 2664 3715 laudibus
2711 3655 2778 3715 et
2821 3652 2892 3716 in

540 3756 1127 3841 vituperationibus
1174 3758 1590 3821 observatum
1638 3779 1776 3822 esse
1825 3756 2135 3842 exemplis
2179 3758 2513 3843 probatur,
2558 3764 2891 3843 postremo

539 3862 953 3949 Thersitis,
1021 3862 1132 3947 qui
1189 3864 1270 3927 ab
1319 3862 1508 3928 Ulixe
1564 3863 1645 3929 οὐ
1700 3865 1911 3949 χωλὸς
1966 3864 2047 3929 οὐ
2101 3866 2441 3951 φαλακρὸς
2496 3866 2577 3930 οὐ
2629 3870 2891 3953 κυρτός,

539 3968 684 4037 ἀλλ’
738 3970 1185 4057 ἀκριτόμυθος
1231 3971 1648 4057 λοιδορεῖται.
1740 3968 1971 4034 Nonne
2022 3972 2181 4035 haec
2226 3970 2295 4035 in
2340 3972 2718 4038 memoriam
2764 3972 2889 4037 tibi

539 4083 844 4144 revocant
907 4077 1022 4142 illa
1085 4099 1247 4163 quae
1313 4101 1508 4162 supra
1561 4076 1785 4142 Bionis
1852 4100 1991 4141 esse
2046 4077 2326 4143 vidimus
2382 4083 2448 4143 et
2502 4079 2570 4144 in
2626 4103 2691 4145 π.
2731 4105 2889 4164 φυγ.

539 4185 760 4251 libello
817 4182 896 4270 (c.
941 4180 1054 4272 17)
1103 4189 1169 4249 et
1223 4184 1292 4249 in
1349 4184 1888 4249 commentatione
1943 4187 2015 4250 de
2056 4208 2185 4269 cap.
2233 4207 2308 4251 ex
2360 4188 2535 4251 ini-m.
2573 4189 2706 4255 atil.
2756 4210 2806 4251 c.
2845 4188 2891 4253 4

540 4314 598 4375 p.
644 4292 792 4358 880
841 4290 949 4380 (cf.
989 4315 1185 4376 supra
1229 4315 1289 4376 p.
1329 4290 1490 4380 39ss

685 4432 736 4500 1)
783 4430 1059 4485 Addenda
1108 4432 1224 4485 iam
1276 4431 1385 4485 erit
1431 4430 1741 4486 similitudo
1789 4448 1934 4501 quae
1979 4452 2037 4490 π.
2074 4436 2423 4503 πολυπραγμ.
2464 4450 2509 4487 c.
2548 4437 2583 4485 4
2631 4434 2887 4487 servatur

482 4595 486 4599 ι
539 4517 828 4573 simillima
862 4518 1015 4573 illius
1055 4537 1084 4574 e
1121 4521 1315 4575 libello
1354 4538 1526 4591 quom.
1557 4522 1703 4576 adol.
1725 4528 1866 4591 poet.
1896 4522 2027 4576 aud.
2058 4524 2170 4577 deb.
2212 4521 2440 4577 allatae.
