3309 5167
1405 346 1834 409 -73-

453 505 511 570 si
555 509 726 570 recte
772 505 1140 590 dignosceS,
1197 505 1419 582 οὐδείς
1465 520 1538 570 σε
1591 506 1905 588 κωλύσει,
1960 502 2043 570 οὐ
2091 503 2314 591 μέμψῃ
2361 504 2625 590 οὐδένα,
2672 504 2793 572 οὐκ

453 611 822 695 ἐγκαλέσεις
864 614 1006 677 τινί
1045 608 1114 698 (ξ
1153 613 1194 677 3
1234 612 1308 676 cf.
1349 611 1548 676 etiam
1584 612 1733 676 diss,
1771 612 1821 697 I,
1868 614 1918 697 l,
1951 614 2041 697 7);
2089 616 2315 677 contra
2350 610 2407 676 si
2444 633 2793 697 movemur,

450 720 760 807 ταράσσει
806 721 962 795 τοὺς
1007 718 1408 805 ἀνθρώπους
1453 716 1535 783 οὐ
1578 719 1660 784 τὰ
1704 718 2076 805 πράγματα,
2121 718 2285 785 ἀλλὰ
2330 720 2411 784 τὰ
2455 716 2605 804 περὶ
2660 730 2795 784 τῶν

450 826 852 913 πραγμάτων
903 807 1198 910 δόγματα
1252 824 1446 913 (man.
1495 848 1544 890 c.
1593 823 1681 913 5).
1776 826 2085 891 Videmus
2140 826 2367 911 igitur,
2423 824 2796 891 Musonium

449 934 951 1017 Epictetumque
995 955 1201 1017 neque
1249 932 1474 997 docere
1523 954 1669 997 cum
1708 931 2018 1018 Stilpone,
2062 956 2185 997 nos
2231 937 2495 997 externa
2532 932 2793 997 omnino

450 1064 584 1105 non
643 1040 905 1124 sentire,
967 1062 1173 1124 neque
1229 1039 1557 1105 exhortari
1614 1062 1761 1104 cum
1813 1040 2189 1106 recentioris
2245 1039 2475 1105 aetatis
2535 1038 2795 1125 Cynicis

453 1152 519 1213 et
565 1147 898 1231 Aristone,
949 1150 1023 1210 ut
1069 1150 1335 1211 externa
1377 1146 1567 1211 nobis
1615 1147 2081 1233 subiungamus
2131 1147 2630 1232 quodammode,
2686 1147 2798 1212 sed

449 1256 816 1341 admonere,
861 1258 936 1318 ut
983 1258 1248 1319 externa
1290 1254 1679 1339 accipiamus
1727 1254 2011 1339 quidem,
2059 1254 2171 1319 sed
2216 1258 2525 1340 tanquam
2572 1252 2797 1339 aliena,

449 1384 702 1449 semper
747 1362 1031 1427 animum
1077 1361 1486 1426 attendamus
1533 1362 1615 1425 ad
1660 1384 1812 1427 vera
1862 1362 2043 1447 bona,
2091 1361 2171 1425 ad
2216 1363 2295 1426 τὰ
2344 1360 2460 1446 ἐφ’
2504 1360 2686 1446 ἡμῖν,
2731 1362 2797 1426 id

451 1468 623 1553 quod
657 1468 998 1553 Epictetus
1039 1468 1132 1533 sic
1167 1468 1381 1533 reddit
1417 1468 1594 1549 (dise.
1631 1468 1744 1553 IV,
1772 1469 1832 1553 5,
1863 1466 1959 1556 6):
2006 1474 2499 1554 Στρατηγῆσαι;
2542 1504 2615 1515 --
2664 1467 2767 1534 Ου’
2782 1490 2796 1503 ·

451 1573 594 1641 ἀλλ’
621 1574 705 1640 ἂν
732 1577 1028 1658 διδῶται,
1059 1574 1164 1641 ἐπὶ
1183 1578 1424 1659 ταύτης
1441 1585 1558 1659 τῆς
1575 1576 1741 1659 ὕλης
1766 1578 1841 1641 τὸ
1872 1578 2049 1641 ἴδιον
2074 1575 2472 1661 ἡγεμονικὸν
2498 1585 2795 1662 τηρῆσαι.

452 1685 694 1766 Γῆμαι;
739 1718 826 1728 -—-
877 1682 1010 1747 Οὔ·
1057 1680 1201 1748 ἀλλ’
1263 1682 1347 1747 ἂν
1401 1684 1677 1748 διδῶται
1733 1682 1971 1766 γάμος,
2024 1679 2130 1747 ἐπὶ
2183 1683 2424 1764 ταύτης
2473 1682 2797 1766 τῆςῦλης

448 1786 610 1854 κατὰ
656 1790 867 1873 φύσιν
913 1792 1147 1874 ἔχοντα
1203 1789 1409 1855 αὑτὸν
1462 1798 1761 1876 τηρῆσαι.
1816 1826 1891 1835 -
1942 1789 2149 1865 Quam
2193 1787 2513 1854 rationem
2559 1790 2797 1855 iterum

447 1896 809 1982 iterumque
861 1896 1287 1981 explicantem
1343 1900 1537 1981 atque
1595 1895 2008 1961 adhibentem
2062 1896 2353 1962 videmus
2400 1896 2793 1982 Epictetum.
2846 1898 2849 1901 ⁴

590 2006 683 2069 -3.
757 2004 932 2081 Quae
991 2026 1138 2069 cum
1191 2004 1272 2069 in
1325 2004 1766 2069 universum
1821 2004 1897 2068 de
1944 2002 2281 2069 hominum
2338 2008 2533 2089 atque
2579 2027 2796 2069 rerum

451 2110 912 2175 consuetudine
973 2109 1264 2195 singulos
1328 2110 1652 2176 censuisse
1710 2132 2169 2195 cognoscamus
2179 2162 2197 2196 ,
2262 2110 2393 2175 iam
2447 2111 2796 2196 videamUS,

449 2218 772 2302 quomodo
819 2217 900 2281 ad
953 2216 1271 2282 exilium
1315 2218 1474 2282 haec
1518 2217 1910 2303 redegerint,
1970 2221 2044 2282 ut
2087 2240 2223 2282 non
2267 2216 2533 2283 exilium
2578 2218 2795 2301 ipsum

449 2325 692 2390 malum
731 2348 872 2391 esse
908 2325 1210 2411 dicerent,
1258 2325 1369 2389 sed
1407 2326 1488 2389 ab
1527 2324 1673 2390 aliis
1709 2348 1829 2410 pro
1867 2324 2040 2389 malo
2080 2323 2302 2409 accipi,
2342 2324 2424 2388 ab
2464 2311 2609 2390 aliis
2647 2349 2793 2391 non.

625 2432 810 2498 Talia
865 2454 1014 2497 cum
1063 2433 1140 2497 de
1195 2436 1524 2498 senectute
1589 2437 1785 2517 atque
1850 2435 2231 2518 paupertate
2286 2435 2427 2495 tum
2482 2431 2559 2495 de
2616 2432 2797 2519 ξενίᾳ

449 2540 752 2605 dicuntur
807 2540 938 2604 Tel.
986 2564 1046 2623 p.
1085 2542 1152 2627 8,
1191 2542 1260 2609 8:
1325 2540 1536 2617 οὕτως
1583 2538 1701 2605 ε’άν
1746 2555 1853 2605 σοι
1899 2537 2092 2619 δείξω
2141 2538 2264 2603 δύο
2311 2537 2627 2624 γέροντας
2672 2541 2797 2605 δύο

449 2646 735 2731 πένητας
763 2648 884 2712 δύο
915 2648 1307 2732 φεύγοντας,
1342 2648 1462 2713 τὸν
1489 2642 1613 2731 μὲν
1642 2645 1717 2713 ε’ν
1743 2656 1821 2732 τῇ
1850 2646 2027 2732 πάσῃ
2066 2643 2333 2733 εὐκολίᾳ
2370 2643 2479 2711 καὶ
2507 2645 2798 2733 ἀπαθείᾳ

453 2755 634 2835 ὄντα,
669 2754 788 2818 τὸν
818 2750 890 2819 δὲ
929 2752 1001 2819 ἐν
1031 2764 1106 2840 τῇ
1135 2754 1310 2839 πάσῃ
1338 2763 1614 2841 ταραχῇ·
1653 2754 1735 2819 οὐ
1771 2756 2088 2839 φανερόν,
2117 2753 2218 2819 ὅτι
2248 2752 2329 2819 οὐ
2354 2754 2429 2818 τὸ
2457 2762 2686 2839 γῆρας,
2715 2752 2797 2819 οὐ

451 2858 573 2942 τὴν
608 2862 866 2943 πενίαν,
912 2858 992 2925 οὐ
1027 2861 1150 2944 τὴν
1187 2859 1409 2939 ξενίαν
1446 2858 1779 2927 αἰτιατέον
1814 2858 1959 2926 ἀλλ’
2002 2860 2229 2945 ἕτερόν
2264 2884 2345 2924 τι.
2431 2858 2681 2925 Similia
2725 2865 2799 2925 ut

451 2966 530 3030 de
575 2965 716 3032 sola
739 2970 1138 3052 ²paupertate
1194 2966 1496 3032 dicuntur
1540 2991 1598 3053 p.
1637 2969 1743 3053 26,
1786 2970 1841 3052 7,
1887 2965 1981 3031 ita
2026 2967 2105 3031 de
2153 2966 2346 3031 exilio
2392 2989 2489 3052 ap.
2540 2965 2681 3033 Sen.
2729 2970 2800 3033 de

449 3094 594 3139 rem.
628 3075 771 3155 fort.
811 3073 988 3157 VIII,
1027 3075 1069 3139 2
1105 3098 1164 3159 p.
1210 3075 1352 3159 104,
1397 3078 1426 3139 l
1469 3074 1719 3159 Rossb„
1756 3074 1824 3139 id
1862 3074 2034 3159 quod
2072 3073 2143 3139 in
2178 3072 2385 3138 libelli
2425 3072 2797 3139 Plutarchei

449 3202 583 3265 cap.
621 3181 664 3245 2
711 3179 1019 3265 exemplis
1073 3180 1398 3265 Polynicis
1455 3180 1792 3266 Euripidei
1849 3186 1914 3246 et
1959 3179 2293 3273 Alcmanis
2307 3177 2359 3267 ¹)
2403 3178 2797 3267 illustratur3

449 3291 794 3372 utrumque
833 3286 1264 3373 coniunctum,
1308 3286 1525 3354 Stoico
1565 3288 1777 3353 colore
1806 3288 2168 3373 paullulum
2196 3287 2475 3353 tinctum
2501 3288 2701 3354 habes
2729 3289 2799 3354 in

452 3392 592 3459 Sen.
641 3416 735 3479 ep.
777 3393 890 3480 85,
927 3394 1041 3461 40:
1093 3396 1341 3480 sapiens
1383 3396 1672 3461 virtutem
1714 3396 1773 3461 si
1820 3394 2017 3461 licebit
2059 3396 2130 3461 in
2174 3396 2409 3461 divitiis
2454 3396 2798 3481 explicabit,

449 3501 508 3565 si
552 3502 760 3567 minus
794 3502 866 3566 in
899 3506 1296 3585 paupertate;
1343 3503 1401 3569 si
1433 3504 1665 3585 poterit
1697 3504 1769 3569 in
1801 3504 2039 3585 patria,
2083 3503 2143 3569 si
2185 3503 2395 3569 minus
2432 3503 2499 3567 in
2534 3500 2795 3589 exili0.2)

627 3604 1038 3673 Aristoneam
1063 3608 1256 3674 huius
1287 3608 1644 3675 sententiae
1664 3609 1942 3674 formam
1959 3608 2158 3674 habes
2183 3609 2355 3694 apud
2371 3609 2795 3676 Plutarchum

451 3713 530 3802 (c.
567 3715 643 3779 17
692 3736 752 3798 p.
791 3716 916 3779 607
947 3714 1054 3802 F):
1101 3715 1476 3802 α’νθρώπου
1524 3715 1584 3782 δ’
1637 3715 1861 3795 οὐδεὶς
1904 3716 2283 3803 ἀφαιρεῖται
2328 3719 2530 3793 τόπος
2576 3717 2795 3781 εὐδαι-

449 3823 692 3905 μονίαν
739 3820 956 3907 ὥσπερ
1003 3821 1148 3888 οὐδ’
1199 3823 1440 3909 ἀρετὴν
1487 3821 1644 3889 οὐδὲ
1691 3827 2046 3911 φρόνησιντ
2100 3847 2253 3889 nam
2306 3846 2531 3889 vocem
2577 3824 2794 3905 ὥσπερ
2840 3861 2847 3867 ·

596 4036 646 4103 1)
685 4034 768 4087 Ι)6
807 4032 1212 4103 epigrammate
1251 4035 1320 4091 cf.
1359 4035 1536 4090 Cobet
1570 4036 1838 4091 Mnemos
1878 4035 1947 4091 N.
1987 4036 2039 4091 S.
2079 4037 2105 4090 I
2140 4054 2193 4105 p.
2235 4040 2355 4093 383.

591 4126 646 4193 2)
685 4122 850 4177 Talia
877 4122 1064 4193 lepide
1094 4125 1264 4193 atque
1291 4124 1504 4180 urbane
1532 4124 1725 4180 iocans
1753 4125 2009 4179 imitatur
2036 4125 2302 4179 Horatius
2331 4126 2471 4196 (Sat.
2501 4126 2567 4194 II,
2602 4131 2648 4195 1,
2678 4128 2795 4195 57):

873 4213 962 4267 Ne
998 4214 1216 4285 lonyum
1251 4216 1482 4282 faciam:
1519 4231 1613 4269 seu
1646 4233 1729 4270 me
1765 4216 2071 4284 tranquilla
2105 4222 2345 4270 senectus

872 4302 1147 4371 Expectat
1179 4319 1274 4358 seu
1311 4303 1470 4359 Mors
1505 4305 1644 4359 atris
1680 4305 2029 4359 circumvolat
2064 4306 2195 4372 alic,

872 4392 1042 4446 Dives
1078 4393 1256 4462 inops,
1292 4393 1499 4448 Romae
1535 4410 1629 4447 seu
1664 4393 1781 4460 fors
1816 4394 1899 4447 ita
1934 4394 2153 4449 iusserit
2188 4393 2344 4449 exul.-

879 4481 1134 4551 Quisquis
1171 4483 1273 4538 erit
1309 4483 1454 4537 vitae
1489 4483 1776 4537 scribam
1812 4483 1987 4538 color!
