3309 5167
1527 364 1956 431 „43”

573 550 735 612 quae
776 528 856 591 ad
893 525 1360 591 sententiarum
1395 548 1633 589 nexum
1680 548 1812 591 non
1849 527 2179 611 pertinent
2215 524 2650 592 exemerimus.
2736 524 2913 603 Quae

573 634 744 698 enim
779 633 1086 719 leguntur
1123 633 1292 718 apud
1321 631 1695 697 Musonium
1731 657 1791 718 p.
1826 636 1926 719 70,
1955 635 2217 699 27—31
2257 656 2296 697 a
2328 633 2683 717 posteriore
2720 656 2915 698 manu

571 740 791 805 addita
836 762 973 805 esse
1019 739 1122 804 vel
1177 762 1254 803 ex
1301 762 1376 805 eo
1423 744 1706 825 apparet,
1753 741 1927 826 quod
1970 742 2042 805 in
2092 740 2195 805 his
2251 742 2495 824 κόσμος
2550 739 2915 805 Stoicorum

569 848 820 913 ratione
867 846 1171 912 definitur
1215 845 1585 935 (,,σύστημα
1631 847 1701 913 ἐκ
1737 855 1921 913 θεῶν
1964 846 2075 914 καὶ
2122 848 2544 933 ἀνθρώπων(
2590 848 2665 911 cf.
2703 847 2912 911 Laert.

568 953 756 1039 Diog.
805 954 950 1039 VII,
1002 953 1183 1042 138);
1239 977 1424 1039 quae'
1457 959 1675 1019 autem
1728 956 1901 1040 apud
1938 954 2365 1020 Plutarchum
2416 954 2917 1038 interponuntur

569 1060 658 1148 (p.
707 1063 830 1127 601
862 1060 1044 1148 ΑΒ),
1090 1061 1280 1146 plane
1327 1061 1614 1127 diversae
1663 1085 1801 1127 esse
1856 1062 2129 1128 rationis
2178 1068 2371 1147 atque
2427 1061 2675 1146 reliqua
2717 1059 2912 1125 huius

568 1168 774 1251 partis
820 1168 930 1232 vix
977 1172 1076 1233 est
1124 1170 1296 1254 quod
1343 1169 1566 1237 dicam.

743 1275 1049 1340 Tertium*
1107 1280 1205 1341 est
1270 1276 1559 1342 narratio
1615 1275 1743 1341 -illa
1790 1277 1884 1341 de
1951 1275 2241 1362 Socrate,
2316 1275 2429 1361 qui
2499 1278 2778 1361 κόσμιον
2843 1297 2910 1339 se

567 1404 705 1446 esse
762 1382 1044 1467 dicebat,
1101 1383 1192 1459 ὡς
1245 1385 1330 1449 ἄν
1381 1408 1484 1460 τις
1530 1382 1777 1461 Ῥόδιος
1833 1379 2015 1450 εἶπεν
2068 1383 2111 1467 ἢ
2157 1386 2557 1469 Κορίνθιος,
2613 1387 2688 1447 ut
2742 1382 2913 1467 apud

566 1488 988 1553 Plutarchum
1031 1488 1296 1574 legitur,
1352 1510 1543 1573 quem
1587 1488 1713 1554 hoc
1758 1512 2013 1575 quoque
2059 1490 2203 1554 loco
2250 1491 2593 1575 genuinam
2640 1490 2914 1554 formam

567 1618 855 1661 servasse
893 1594 1200 1660 arbitror:
1239 1594 1456 1659 omnia
1484 1599 1702 1659 autem
1728 1596 1887 1661 haec
1916 1596 2074 1681 quin
2100 1619 2301 1661 unum
2329 1598 2593 1661 redeant
2620 1597 2916 1661 eundem-

569 1725 692 1788 que
739 1704 820 1767 ad
853 1703 1103 1768 fontem
1139 1700 1409 1765 dubium
1449 1724 1588 1767 esse
1630 1702 1761 1766 iam
1804 1725 1938 1769 non
1982 1707 2217 1788 potest.
2297 1703 2373 1767 Id
2420 1705 2593 1789 quod
2639 1726 2714 1768 eo
2762 1725 2916 1788 quo-

567 1832 690 1894 que
747 1810 1188 1895 confirmatur,
1243 1810 1416 1894 quod
1476 1810 1743 1874 eandem
1795 1810 1979 1875 illam
2029 1811 2581 1876 narratiunculam
2636 1810 2912 1897 legimus

565 1916 633 1981 in
682 1915 810 1982 Cic.
857 1917 1041 1981 Tusc.
1088 1915 1168 2001 V,
1215 1918 1326 2001 37,
1369 1917 1513 2002 108,
1569 1916 1685 2002 qui
1738 1940 1854 2002 per
1902 1918 2019 1983 has
2076 1917 2516 2003 paragraphos
2564 1917 2915 2002 epitomam

568 2022 1128 2089 commentationis
1166 2022 1382 2088 nescio
1432 2024 1611 2089 cuius
1658 2047 1724 2090 π.
1762 2034 1983 2110 φυγῆς
2029 2024 2385 2110 exscripsit.
2469 2023 2695 2110 Neque
2742 2025 2915 2091 enim

566 2130 710 2215 ipsa
753 2130 910 2196 dicti
954 2130 1130 2195 illius
1177 2130 1346 2195 ratio
1392 2130 1462 2196 in
1507 2131 1705 2197 dubio
1750 2131 2086 2218 relinquit,
2133 2131 2389 2197 cuinam
2431 2131 2713 2197 fabricae
2757 2132 2915 2197 haec

567 2238 948 2323 debeantur,
1011 2242 1086 2302 ut
1141 2237 1349 2302 Zeller
1405 2237 1524 2325 (II,
1574 2240 1608 2304 1
1668 2262 1726 2323 p.
1782 2241 1908 2305 140
1962 2240 2103 2303 adn.
2153 2238 2221 2323 6)
2279 2238 2411 2303 iam
2464 2240 2730 2303 adnotat
2783 2240 2913 2324 „Es

565 2344 773 2409 lautet
819 2344 954 2409 dies
990 2344 1176 2410 nicht
1211 2345 1376 2409 eben
1409 2345 1961 2411 wahrscheinlich.
1984 2399 1997 2411 .
2020 2396 2035 2411 .
2089 2346 2191 2410 1111
2225 2345 2477 2411 Platon.
2507 2346 2747 2410 Kriton
2781 2346 2915 2410 und

565 2450 754 2535 Apol.
812 2453 893 2516 37
950 2451 1132 2515 ftihrt
1190 2449 1548 2539 (Socrates)
1614 2454 1754 2518 eine
1810 2472 1973 2537 ganz
2036 2454 2268 2518 andere
2336 2453 2603 2538 sprache
2658 2454 2753 2518 als
2811 2452 2913 2517 die

542 2562 865 2641 spateren
917 2557 1539 2643 kosmopolitischen
1599 2559 2049 2645 philosophen.
2142 2559 2550 2625 Vermutlich
2607 2560 2724 2625 hat
2776 2560 2914 2625 ihm

567 2664 741 2729 einer
777 2687 906 2729 von
941 2664 1160 2729 diesen
1205 2665 1308 2730 die
1347 2666 1538 2751 obige
1576 2689 1847 2753 aussage
1892 2667 1962 2732 in
1999 2668 2121 2733 den
2158 2668 2357 2734 mund
2396 2667 2669 2753 gelegt.“
2747 2668 2914 2731 Tum

563 2771 938 2837 Duemmler
1000 2770 1377 2861 (Antisthen.
1430 2797 1490 2859 p.
1541 2776 1623 2839 68
1674 2775 1845 2861 adn.)
1911 2775 2082 2839 hunc
2148 2773 2479 2839 Socratem
2540 2773 2911 2860 „Cynicum,

564 2880 840 2944 fortasse
885 2878 1451 2945 Antisthenicum“
1495 2880 1871 2966 appellavit,
1928 2882 2031 2946 cui
2074 2879 2237 2945 illud
2285 2885 2456 2946 certe
2503 2904 2727 2946 verum
2773 2904 2911 2946 esse
2975 2867 2985 2891 '

565 2986 907 3051 concedere
949 2988 1280 3072 debemus3
1329 2992 1521 3071 atque
1567 2987 1634 3051 id
1681 2987 1911 3073 ipsum,
1960 2989 2131 3071 quod
2176 3010 2302 3053 vox
2336 2992 2607 3073 κόσμιος
2650 3010 2781 3052 11611
2817 2988 2913 3057 ita

565 3093 848 3159 affirmat
885 3094 1089 3159 civem
1125 3093 1412 3158 universi
1448 3093 1673 3157 mundi
1711 3094 2009 3178 aliquem,
2049 3117 2243 3179 quam
2278 3099 2491 3179 negat,
2542 3094 2745 3160 civem
2783 3116 2915 3159 cer-

566 3204 670 3264 tae
707 3201 886 3265 urbis
926 3224 1073 3265 eum
1112 3223 1268 3286 esse,
1313 3200 1436 3265 hoc
1474 3200 1720 3265 dictum
1758 3224 1791 3264 e
1828 3200 2007 3265 fonte
2048 3199 2289 3285 Cynico
2327 3201 2589 3265 fluxisse
2625 3201 2910 3265 indicare

567 3306 839 3371 videtur.
940 3307 1190 3373 Eodem
1243 3308 1415 3371 enim
1469 3308 1661 3372 modo
1708 3312 1783 3372 ut
1830 3306 2107 3392 Cynicus
2163 3308 2233 3371 in
2283 3306 2551 3372 Luciani
2604 3312 2705 3373 vit.
2751 3316 2910 3375 auct.

568 3435 615 3476 c.
648 3414 687 3478 8
727 3414 1162 3498 interrogatus
1200 3416 1539 3498 ,,ποδαπὸς
1576 3409 1704 3493 εἷ;“
1740 3414 2085 3498 respondet
2119 3414 2612 3498 ,,παντοδαπός“
2655 3414 2913 3503 (postea

565 3519 823 3583 demum
849 3520 1373 3609 κοσμοπολίτης),
1407 3521 1502 3586 ita
1527 3520 1596 3584 in
1622 3522 1918 3586 versibus
1950 3519 2335 3606 quibusdam
2362 3524 2733 3606 tragoediae
2762 3524 2913 3591 Cra-

563 3624 717 3691 tetis
766 3624 833 3690 id
879 3630 1135 3691 tantum
1179 3626 1442 3711 dicitur,
1492 3628 1995 3713 unumquodque
2043 3627 2350 3711 oppidum
2394 3629 2675 3713 patriam
2720 3634 2909 3698 nobis

568 3756 706 3799 esse
743 3756 953 3818 posse,
998 3756 1132 3799 non
1166 3733 1235 3799 id
1271 3735 1649 3820 affirmatur,
1688 3735 2000 3799 mundum
2036 3757 2233 3799 unam
2268 3718 2495 3800 urbem
2532 3760 2689 3824 esse,
2728 3740 2905 3804 cuius

565 3841 736 3905 cives
781 3863 900 3905 nos
948 3840 1075 3925 ipsi
1123 3841 1324 3906 simus
1372 3841 1609 3926 (L'aert.
1647 3841 1839 3927 Diog.
1877 3841 1989 3927 Vl,
2028 3843 2156 3922 98).

740 3947 887 4012 Huc
933 3946 1060 4011 alia
1113 3969 1369 4032 quoque
1413 3946 1766 4032 pertinent,
1812 3947 1992 4012 velut
2045 3948 2218 4032 quod
2266 3946 2491 4015 Crates
2537 3948 2897 4014 Alexandro

561 4054 990 4140 promittenti,
1037 4077 1104 4119 se
1150 4054 1430 4139 patriam
1471 4053 1846 4138 philosophi
1881 4054 2136 4119 Thebas
2175 4056 2382 4121 denuo
2421 4056 2900 4121 aedificaturum

564 4185 720 4249 esse,
748 4162 1109 4247 respondet,
1147 4184 1214 4225 se
1255 4164 1427 4246 ἔχειν
1457 4211 1472 4225 .
1502 4209 1517 4224 .
1555 4162 1841 4247 πατρίδα
1870 4160 2144 4240 ἀδοξίαν
2178 4162 2289 4228 καὶ
2325 4168 2560 4230 πενίαν
2598 4160 2901 4227 ἀνάλωτα

560 4278 641 4353 τῇ
684 4270 850 4353 τύχῃ
902 4266 1012 4333 καὶ
1057 4265 1430 4351 Διογένους
1485 4263 1657 4333 εἶναι
1701 4271 1978 4352 πολίτην
2026 4269 2585 4355 ἀνεπιβουλεύτου
2630 4270 2902 4357 φθόνῳς

563 4376 735 4457 quod
779 4374 949 4439 inter
998 4374 1156 4442 Sen.
1203 4396 1354 4441 rem.
1393 4376 1536 4455 fort.
1583 4374 1762 4459 VIII,
1803 4377 1835 4439 1
1886 4372 1975 4463 (p.
2020 4377 2163 4459 103,
2206 4378 2286 4442 15
2331 4376 2563 4441 Rossb.
2610 4376 2651 4441 i.
2697 4376 2905 4441 Bresl.

561 4483 716 4546 stud.
753 4479 848 4567 11)
890 4481 1048 4545 haec
1093 4482 1424 4567 leguntur:
1467 4504 1593 4547 non
1637 4485 1857 4566 patria
1900 4483 2059 4547 mihi
2101 4484 2507 4563 interdicitur,
2559 4490 2663 4550 sed
2708 4485 2907 4550 lomes:
