3309 5167
1491 357 1926 423 *50*

539 536 648 581 nec
690 516 938 583 exulare
973 537 1250 600 unquam
1279 522 1475 601 potest
1509 515 1822 603 (animus)
1868 516 2015 583 liber
2060 523 2117 583 et
2158 519 2257 583 dis
2290 524 2581 601 coynatus
2624 524 2683 583 et
2715 520 2885 584 omni

539 624 767 688 mundo
786 624 1070 707 omnique
1085 644 1230 691 aevo
1253 646 1377 707 par
1405 628 1472 688 et
1498 623 1568 688 in
1593 646 1741 690 rem.
1764 626 1905 707 fort.
1925 622 2105 710 VIII,
2135 625 2166 689 1
2198 622 2285 711 (p.
2314 626 2457 710 103,
2483 626 2564 691 13
2591 624 2879 713 Rossb.):

537 730 986 815 „eaeulabis“:
1031 752 1234 810 erras;
1289 752 1430 798 cum
1483 733 1696 798 omnia
1746 732 1985 816 seem,
2032 733 2311 815 patriam
2363 752 2561 799 meam
2617 736 2884 800 transire

537 858 664 901 non
688 858 958 919 possum.
1047 840 1325 905 omnium
1367 860 1499 905 una
1541 845 1662 905 est:
1708 845 1883 905 extra
1926 840 2086 905 hanc
2118 860 2293 905 nemo
2325 840 2534 923 proici
2566 846 2768 923 potest
2809 844 2877 905 et

537 944 608 1007 in
655 941 780 1008 Cic.
827 945 1042 1029 parad.
1090 946 1182 1030 ΙΙ,
1232 947 1314 1011 18
1369 946 1654 1030 (exilium
1702 953 1904 1013 autem
1948 948 2077 1013 illis
2122 948 2343 1030 quibus
2384 949 2567 1030 quasi
2627 949 2881 1013 circum-

536 1052 800 1133 sorzjotus
843 1057 930 1118 est
970 1053 1136 1119 locus
1178 1052 1518 1139 habitandi,
1561 1074 1689 1120 non
1733 1056 1837 1137 eis,
1882 1056 1991 1137 qui
2034 1075 2272 1119 omnem
2318 1055 2519 1119 orbem
2566 1059 2875 1120 terrarum

535 1180 732 1223 unam
765 1160 976 1225 urbem
1009 1181 1133 1226 esse
1167 1162 1444 1245 ducunt).
1516 1158 1744 1245 Neque
1788 1161 1905 1226 illa
1948 1171 2081 1249 »τῷ
2127 1164 2271 1227 ὄντι
2315 1162 2591 1247 scarpis-‘⁶
2638 1160 2876 1249 (Epiet.

537 1264 687 1330 diss.
713 1264 834 1351 IV,
859 1269 915 1353 1,
943 1269 1095 1347 153)
1131 1267 1444 1355 Diogenis
1473 1290 1622 1333 vere
1652 1267 1895 1354 Cynica
1923 1272 2091 1354 sunt,
2128 1269 2240 1333 sed
2274 1266 2565 1334 Stoicum
2598 1268 2877 1354 resipere

535 1374 852 1439 videntur.
1385 1378 1388 1381 ’

715 1480 840 1547 Sed
885 1486 960 1547 ut
1004 1482 1135 1547 iam
1170 1484 1504 1549 redeamus
1543 1484 1624 1549 ad
1661 1483 2085 1569 propositum7
2132 1484 2493 1549 addendum
2538 1488 2655 1568 est,
2703 1484 2876 1569 quod

531 1586 870 1655 Musonius
909 1588 1108 1655 etiam
1142 1613 1366 1655 versus
1395 1590 1731 1675 Euripidis
1771 1613 1933 1675 quos
1971 1592 2158 1655 affert
2196 1596 2277 1676 (p.
2310 1592 2411 1677 71,
2436 1593 2468 1655 1
2499 1628 2572 1639 -
2598 1592 2675 1685 fr?
2705 1593 2873 1657 1047

533 1696 630 1761 ed.
667 1694 924 1782 Nauck,
981 1697 1094 1782 qui
1149 1697 1346 1762 etiam
1401 1696 1616 1763 Ovidii
1671 1697 2103 1762 imitationem
2154 1697 2353 1780 [Fast.
2398 1700 2453 1784 1,
2489 1700 2649 1780 493]
2710 1720 2877 1763 com—

533 1808 873 1884 memorat)
920 1805 1144 1869 eodem
1195 1827 1228 1869 e
1276 1804 1455 1869 fonte
1503 1803 1744 1890 Cynico
1794 1804 2089 1869 hausisse
2142 1804 2422 1891 videtur,
2478 1805 2717 1891 quippe
2764 1804 2877 1890 qui

535 1932 682 1975 cum
728 1909 820 1975 eis
879 1934 1041 1995 quae
1097 1913 1484 1978 antecedunt
1537 1911 1803 1977 minime
1859 1912 2267 1997 cohaereant,
2333 1912 2444 1978 sed
2500 1914 2877 1979 confirmare

527 2021 789 2083 tantum
834 2018 1117 2104 possint,
1165 2042 1328 2104 quae
1377 2018 1602 2105 Cynici
1649 2019 1821 2085 inter
1870 2023 2171 2084 naturam
2216 2024 2539 2085 terrenam
2584 2020 2874 2087 viventes

533 2128 917 2190 statuerunt.
992 2123 1220 2211 Neque
1254 2119 1619 2214 exemplum
1645 2124 1947 2191 Herculis
1978 2149 2017 2191 a
2042 2125 2393 2193 Plutarcho
2429 2127 2701 2193 allatum
2730 2150 2877 2193 cum

533 2233 826 2316 exemplo
885 2230 1168 2297 Socratis
1229 2237 1425 2319 atque
1491 2233 1668 2299 omni
1734 2234 1857 2299 hac
1892 2236 2105 2318 ¹parte
2172 2256 2334 2318 quae
2391 2234 2683 2319 sequitur
2744 2257 2877 2301 non

533 2340 850 2425 cohaeret,
898 2344 972 2405 ut
1017 2339 1176 2405 item
1221 2341 1393 2425 apud
1438 2346 1767 2408 auctorem
1814 2339 2129 2425 Cynicum
2166 2339 2234 2405 id
2280 2340 2573 2407 extitisse
2618 2364 2876 2407 necesse

535 2447 640 2532 sit,
668 2447 734 2511 id
765 2447 936 2533 quod
965 2447 1069 2512 vel
1095 2452 1363 2532 propter
1389 2447 1599 2532 ipsam
1621 2446 1922 2513 Herculis
1951 2469 2296 2532 personam
2322 2448 2669 2514 verisimile
2697 2454 2812 2514 est.
2831 2450 2877 2532 1)

713 2554 830 2620 ΙΠ.
911 2554 1052 2619 Iam
1114 2577 1191 2619 ea
1255 2576 1416 2639 quae
1483 2558 1548 2619 et
1602 2552 1941 2619 Musonius
2006 2559 2071 2619 et
2123 2553 2507 2620 Plutarchus
2573 2556 2879 2623 exhibent

534 2683 730 2745 porro
784 2684 1249 2745 percurramus.
1340 2660 1558 2746 Atque
1613 2661 1895 2746 primum
1951 2661 2213 2745 quidem
2266 2686 2341 2727 ea
2387 2685 2550 2747 quae
2606 2668 2877 2749 uterque

535 2768 612 2833 de
659 2766 892 2855 ἀδοξίᾳ
939 2767 1201 2833 disserit
1247 2790 1282 2833 e
1329 2767 1570 2853 Cynico
1622 2769 1803 2833 fonte
1847 2768 2111 2833 fluxisse
2156 2769 2420 2854 probari
2464 2774 2702 2857 potest,
2748 2794 2877 2856 quo

534 2873 604 2939 in
658 2877 802 2941 loco
857 2875 954 2940 ita
1007 2875 1418 2941 consentiunt
1473 2880 1547 2940 ut
1601 2879 1873 2960 uterque
1929 2898 2061 2942 non
2114 2877 2702 2964 argumentatione,
2766 2880 2879 2944 sed

535 2968 844 3067 exemplis
892 2964 1180 3048 virorum
1226 2982 1295 3047 in
1340 2981 1533 3048 exilio
1582 2984 1906 3048 clarorum
1951 2983 2232 3048 refutare
2280 2988 2549 3051 conetur
2588 3008 2716 3071 eos,
2764 2986 2875 3071 qui

537 3090 1002 3155 obscuritatem
1057 3112 1132 3155 eo
1181 3090 1350 3155 effici
1394 3094 1646 3175 putent.
1736 3090 2141 3176 Quamquam
2188 3091 2361 3155 enim
2406 3090 2565 3156 satis
2622 3091 2877 3157 exiliter

534 3195 870 3262 Musonius
945 3197 1022 3261 de
1094 3196 1218 3267 hoc
1290 3197 1432 3261 loco
1507 3197 1799 3283 disputat
1869 3221 1929 3282 p.
1990 3200 2100 3283 73,
2162 3200 2244 3263 12
2274 3220 2445 3284 sqq.,
2521 3202 2739 3263 tamen
2810 3203 2877 3263 et

534 3304 708 3387 quod
770 3300 1093 3388 Diogenes
1156 3304 1529 3370 nominatur
1593 3328 1817 3370 eorum
1875 3305 1988 3390 qui
2044 3303 2459 3383 ἐνδοξότατοι
2517 3301 2877 3391 φεῦγοντες

535 3408 874 3493 ἐγένοντο,
927 3415 1148 3495 potest
1203 3410 1461 3496 quidem
1509 3412 1757 3477 fontem
1803 3412 2194 3497 significare,
2252 3411 2363 3496 qui
2408 3436 2447 3477 a
2490 3406 2876 3478 Plutarcheo

534 3514 710 3580 haud
755 3516 1046 3583 diversus
1092 3518 1305 3603 fuerit,
1353 3523 1418 3583 et
1464 3520 1635 3603 quod
1678 3519 1899 3584 addita
1932 3518 2209 3603 legimus
2246 3520 2445 3585 verba
2487 3517 2597 3585 καὶ
2633 3520 2879 3598 ἄλλους

680 3694 732 3762 1)
770 3691 1028 3746 Ceterum
1052 3694 1206 3761 quod
1234 3711 1426 3749 versus
1462 3693 1590 3749 illos
1629 3711 1660 3749 e
1696 3694 1993 3764 tragoedia
2030 3694 2269 3749 Cratetis
2308 3700 2453 3764 quae
2488 3695 2756 3751 Hercules
2792 3696 2875 3751 in-

535 3780 886 3836 scribebatur
911 3784 1162 3852 sumptos
1191 3799 1313 3837 esse
1350 3785 1519 3851 atque
1546 3783 1701 3837 haud
1737 3784 1932 3853 procul
1970 3772 2043 3837 ab
2072 3783 2153 3847 eis
2180 3784 2393 3853 positos
2430 3784 2620 3855 fuisse,
2659 3786 2757 3855 qui
2786 3804 2873 3856 ap.

532 3865 715 3926 Laert.
772 3870 934 3941 Diog.
973 3872 1074 3940 VI,
1113 3876 1180 3925 98
1233 3888 1262 3926 0
1315 3872 1611 3949 tragoedia
1658 3872 1905 3941 quadam
1952 3872 2191 3927 Cratetis
2248 3872 2577 3943 afferuntur,
2637 3874 2873 3943 denique

533 3960 719 4014 verbis
767 3948 880 4013 illis
925 3960 1138 4014 Teletis
1185 3962 1258 4029 (p.
1298 3966 1392 4030 20,
1435 3964 1521 4031 10)
1561 3960 1840 4031 Ἡρακλῆς
1885 3960 1941 4015 δ’
1994 3957 2051 4030 ἐξ
2097 3960 2318 4033 ’Ἄργους
2362 3961 2610 4017 ἐκπεσὼν
2658 3962 2869 4032 Θήβησι

532 4049 768 4123 μετῴκει
805 4052 1195 4124 argumentum
1233 4048 1484 4105 eiusdem
1511 4050 1843 4121 tragoediae
1878 4051 2153 4107 contineri
2180 4053 2353 4122 ‘putat
2394 4050 2713 4105 Duemmler
2739 4049 2774 4103 1.
2805 4066 2868 4116 c.,

531 4158 667 4192 num
704 4139 896 4194 multis
934 4139 1258 4209 probaverit
1294 4140 1381 4194 vir
1418 4139 1615 4194 doctus
1654 4141 1870 4197 dubito,
1936 4141 2212 4209 Equidem
2239 4144 2304 4195 ut
2329 4140 2519 4212 potius
2548 4137 2868 4219 offenderer,

535 4227 584 4281 si
610 4228 805 4296 paucis
832 4230 1057 4283 tantum
1075 4228 1330 4283 versibus
1360 4228 1602 4283 alterum
1631 4230 1705 4283 ab
1730 4230 1907 4284 altero
1937 4233 2258 4299 separatum
2286 4216 2581 4301 utrumque
2599 4226 2872 4283 traditum

524 4318 706 4386 esset,
756 4335 883 4371 cum
927 4318 1126 4372 eadem
1169 4318 1286 4371 fere
1335 4314 1615 4373 sententia
1662 4319 1832 4387 atque
1880 4316 2077 4374 eadem
2111 4320 2227 4374 fere
2263 4321 2437 4375 verba.
2472 4318 2871 4391 repeterentur,

531 4404 620 4459 ita
663 4407 815 4474 quod
851 4424 882 4461 e
915 4408 1106 4461 verbis
1149 4407 1265 4462 illis
1302 4407 1516 4463 Teletis
1563 4408 1703 4463 satis
1751 4409 2026 4479 suspectis
2064 4409 2155 4478 (cf.
2186 4411 2251 4478 ε.)
2289 4409 2433 4464 talia
2466 4408 2875 4464 concluduntur

535 4493 803 4547 audacius
840 4495 980 4549 mihi
1016 4497 1230 4551 factum
1267 4514 1388 4553 esse
1426 4498 1665 4554 videtur.
