3309 5167
450 531 816 618 πράγματα,
863 533 1030 598 ὥστε
1066 535 1276 618 μόνον
1311 530 1352 615 ἢ
1389 531 1527 617 μετ’
1565 534 1812 617 ὀλίγων
1850 533 2283 618 διεξαγαγεῖν,
2319 534 2601 621 ἡσυχίαν
2638 537 2798 602 αὐτὸ

449 641 632 706 κάλει
677 638 789 705 καὶ
833 650 969 726 χρῶ
1015 649 1106 728 τῷ
1142 640 1472 726 πράγματι
1521 642 1614 717 εἰς
1658 640 1693 706 ὃ
1733 642 1851 706 δεῖ.
1926 640 2018 706 Ut
2052 641 2439 707 Plutarchus
2486 643 2799 727 miseriaS,

453 770 614 831 quae
662 747 836 812 domi
883 747 1250 812 subeundae
1299 747 1489 812 nobis
1537 746 1696 832 sint,
1756 747 2085 833 describis,
2140 770 2221 813 ne
2273 748 2467 814 nimis
2522 750 2801 834 patriam

451 858 740 938 repetere
797 853 1125 939 cupiamus
1134 906 1153 941 ,
1209 854 1302 919 sic
1356 855 1526 939 apud
1583 853 1725 920 Sen.
1773 857 1847 921 de
1888 878 2035 921 rem.
2078 856 2222 937 fort.
2267 856 2456 942 VIII,
2502 858 2543 922 3
2598 855 2800 921 habes

451 950 636 1025 haec:
681 962 769 1025 In
811 962 1068 1027 exilium
1111 984 1192 1027 eo.
1229 1000 1304 1009 —-
1337 962 1542 1027 Immo
1574 962 1797 1043 forsan
1832 964 1903 1028 in
1939 964 2244 1047 requiem:
2287 964 2421 1029 iam
2462 964 2680 1029 saltem
2723 964 2801 1029 ab

452 1070 695 1134 invidia
739 1074 906 1134 tutus
948 1071 1084 1135 eris.
1096 1064 1148 1155 1)
1231 1068 1426 1153 Apud
1471 1068 1908 1134 Musonium
1962 1092 2038 1134 ea
2093 1093 2256 1155 quae
2311 1069 2413 1135 his
2467 1070 2802 1135 Pluizarchi

454 1176 846 1259 respondent
897 1172 1038 1261 (ἅτε
1094 1174 1253 1260 μήθ’
1299 1177 1428 1242 ὑπὸ
1492 1177 1813 1264 πατρίδος
1856 1186 1974 1261 τῆς
2018 1178 2345 1260 δοκούσης
2386 1176 2803 1264 περιελκομέ-

392 1324 396 1329 -
456 1306 598 1360 νοις
643 1284 738 1360 εἰς
789 1283 1146 1369 ὑπηρεσίας
1199 1284 1538 1361 πολιτικὰς
1592 1285 1752 1367 μήτε
1796 1285 1926 1349 ὑπὸ
1979 1287 2197 1370 φίλων
2240 1295 2375 1349 τῶν
2423 1286 2803 1351 δοκούντων

454 1390 494 1473 ἢ
551 1400 893 1473 συγγενῶν
956 1389 1459 1475 ἐνοχλουμένοις
1511 1415 1569 1476 p.
1625 1393 1726 1475 71,
1769 1389 1881 1477 15)
1942 1392 2023 1455 ad
2076 1391 2286 1476 ipsam
2339 1390 2652 1456 virtulem
2705 1414 2801 1456 re-

455 1498 766 1583 feruntur,
804 1502 878 1562 ut
906 1497 1075 1581 apud
1101 1497 1525 1562 Plufiarchum
1551 1498 1755 1563 viizam
1782 1520 1857 1563 ac
1885 1521 2075 1563 usum
2103 1502 2425 1582 spectant:
2463 1497 2551 1587 (Ρ.
2568 1501 2645 1564 71
2652 1550 2670 1584 ,
2688 1496 2801 1585 12)

454 1616 594 1681 πῶς
655 1600 778 1688 μὲν
841 1599 965 1669 οὖν
1028 1604 1150 1669 οὐκ
1213 1604 1298 1670 ἂν
1355 1604 1395 1687 ἡ
1460 1605 1642 1690 φυγὴ
1709 1610 2065 1692 συνεργοίη
2100 1598 2294 1691 ’πρὸς
2356 1606 2433 1670 τὸ
2498 1615 2803 1671 τοιοῦτον

455 1710 830 1799 παρέχουσά
886 1735 960 1794 γε
1012 1713 1257 1797 σχολὴν
1301 1708 1410 1776 καὶ
1457 1710 1766 1791 ἐξουσίαν
1810 1722 1931 1778 τοῦ
1977 1713 2351 1797 μανθάνειν
2396 1736 2466 1778 τε
2512 1714 2591 1778 τὰ
2636 1714 2802 1777 καλὰ

455 1818 564 1884 καὶ
593 1819 904 1906 πράττειν
933 1824 1186 1903 μᾶλλον
1212 1818 1253 1902 ἢ
1281 1822 1623 1906 πρότερον.
1689 1820 1863 1896 Quae
1892 1820 1995 1885 his
2027 1818 2325 1905 opposita
2354 1822 2508 1885 sunia
2528 1856 2605 1864 —
2632 1820 2801 1904 apud

454 1925 875 1991 Plulzarchum
920 1924 1014 1989 iiza
1049 1925 1374 1991 dicuntur:
1424 1924 1514 1991 δι’
1547 1927 1821 1993 εὔνοιαν
1859 1924 1933 1992 δὲ
1970 1925 2079 1992 καὶ
2115 1930 2338 1992 πόθον
2375 1928 2445 1992 οἰ
2477 1925 2803 2011 βέλτιστοι

391 2067 396 2071 ·
455 2044 588 2099 τῶν
651 2033 1032 2116 ἀναγκαίων
1083 2031 1194 2098 καὶ
1270 2036 1535 2099 οἰκείων
1592 2032 1914 2101 πλέουσιν
1957 2072 2032 2081 --
2084 2057 2123 2098 a
2150 2032 2476 2099 <Musonio
2534 2056 2804 2098 comme-

454 2144 791 2205 morantur
854 2139 1042 2204 inissio
1099 2140 1687 2225 commentalzioniS,
1751 2140 1865 2205 ubi
1933 2139 2223 2225 exponiia,
2285 2162 2405 2205 nos
2458 2162 2665 2224 neque
2721 2141 2803 2205 ab

452 2246 826 2313 hominibus
890 2269 1098 2331 neque
1162 2270 1200 2311 a
1261 2252 1497 2311 natura
1561 2247 1848 2331 separari
1910 2270 2125 2332 posse:
2201 2246 2287 2330 (p.
2339 2249 2450 2331 70,
2501 2244 2612 2334 17)
2664 2259 2805 2325 τοῖς

453 2353 682 2440 μέντοι
727 2358 953 2440 φίλοις
995 2351 1104 2418 καὶ
1142 2362 1270 2419 νῦν
1307 2357 1664 2439 συνείημεν
1699 2356 1804 2438 ἄν,
1850 2365 1990 2432 τοῖς
2035 2378 2109 2437 γε
2156 2354 2507 2437 ἀληθινοῖς
2551 2351 2660 2420 καὶ
2708 2350 2805 2419 ὧν

451 2463 766 2547 προσήκει
811 2464 1158 2526 ποιεῖσθαί
1189 2485 1338 2525 τινα
1375 2463 1604 2544 λόγον·
1653 2460 1734 2526 οὐ
1772 2462 1898 2547 γὰρ
1936 2460 2021 2526 ἂν
2059 2454 2244 2525 οὗτοι
2280 2462 2598 2547 προδοῖεν
2643 2458 2801 2526 ποτὲ

453 2569 622 2653 ἡμᾶς
667 2564 809 2633 οὐδ’
865 2566 1377 2651 ἐγκαταλίποιεν.
1452 2565 1843 2653 Cynicorum
1888 2567 2056 2633 hanc
2091 2590 2229 2633 esse
2279 2568 2666 2632 sen’oenlziam
2701 2569 2805 2634 vel

457 2698 534 2738 ex
581 2698 656 2738 eo
716 2679 1008 2760 apparet,
1065 2676 1236 2760 quod
1281 2674 1544 2759 „Crafies
1590 2676 1935 2740 Thebanus
1976 2698 2165 2741 suum
2210 2675 2677 2759 proizrepticum
2723 2676 2801 2739 ad

456 2780 810 2846 Philiscum
845 2786 1131 2846 sutorem
1160 2804 1235 2846 eo
1266 2782 1536 2847 consilio
1573 2782 1907 2867 scripsisse
1933 2783 2159 2867 fertur,
2195 2786 2269 2845 uf,
2306 2781 2513 2846 multo
2550 2780 2801 2845 facilius

457 2909 771 2973 pauperes
819 2892 883 2951 elz
927 2888 1161 2952 humili
1206 2888 1348 2953 loco
1394 2893 1612 2974 nabOS‚
1670 2912 1862 2974 quam
1911 2888 2143 2955 divites
2198 2893 2265 2953 et
2314 2886 2657 2952 nobilibabe
2712 2887 2805 2951 in-

457 2994 674 3080 signes
721 2994 892 3059 viffiae
937 2993 1312 3059 felicitalzem
1369 2995 1676 3080 consequi
1729 3018 1919 3080 posse
1975 2995 2485 3060 demonsffirareiz“
2530 2993 2801 3082 (Weber

455 3102 494 3166 l.
535 3124 582 3165 c.
620 3124 681 3185 p.
721 3099 898 3187 200).
981 3102 1297 3186 Exempla
1341 3103 1724 3188 plerumque
1768 3104 2125 3168 afferunffiur
2162 3088 2579 3186 Cynicorum,
2625 3101 2803 3166 veluiz

455 3209 524 3274 in
572 3207 906 3274 Plutarchi
963 3210 1501 3275 commentassione
1547 3246 1618 3256 ——
1666 3232 1806 3274 eam
1852 3209 2123 3274 Bionem
2178 3209 2465 3273 redolere
2513 3208 2803 3273 memini-

457 3334 607 3379 mus
637 3353 712 3362 —
747 3338 910 3399 quae
947 3315 1326 3381 inscribifiur
1361 3339 1448 3382 an
1485 3318 1676 3382 vitios.
1708 3320 1795 3383 ad
1818 3318 1985 3398 infel.
2016 3318 2155 3397 suff.
2188 3338 2235 3380 c.
2260 3317 2299 3380 3
2338 3315 2669 3380 fortunam
2708 3314 2799 3379 sic

460 3421 814 3506 alloquiizur
849 3423 1071 3487 homo:
1120 3425 1215 3501 είς
1259 3426 1552 3510 τρίβωνα
1595 3422 1707 3489 καὶ
1752 3426 1973 3510 πήραν
2012 3420 2122 3488 καὶ
2167 3424 2605 3510 προσαίτησιν
2643 3420 2801 3506 ε’φη-

459 3525 664 3613 μέρου
721 3538 972 3615 τροφῆς
1027 3529 1349 3609 κατάξεις;
1409 3539 1613 3596 ταῦτα
1668 3531 2096 3615 εὐδαιμονίας
2150 3526 2343 3614 ἀρχαὶ
2398 3527 2801 3613 Διογένει,

459 3642 664 3698 ταῦτα
719 3634 1106 3724 ἐλευθερίας
1150 3637 1497 3725 Κράτητι
1552 3635 1665 3702 καὶ
1721 3635 1943 3720 δόξης,
1998 3636 2102 3725 vel
2156 3639 2231 3701 ub
2276 3635 2491 3719 ipsum
2538 3634 2801 3699 exilium

458 3739 831 3806 nominetur
871 3746 944 3807 de
978 3765 1106 3825 cap.
1145 3765 1220 3808 εει
1257 3746 1430 3809 inim.
1468 3746 1600 3809 utel.
1643 3767 1692 3809 c.
1724 3747 1789 3809 2:
1838 3742 1947 3808 καὶ
1985 3752 2119 3809 τῶν
2156 3743 2557 3829 πραγμάτων
2594 3743 2802 3828 ἄφιλα

458 3850 672 3914 πολλὰ
715 3846 825 3913 καὶ
863 3848 1119 3935 ἀπεχθῆ
1165 3848 1274 3915 καὶ
1312 3850 1638 3917 ἀντίπαλα
1685 3862 1825 3928 τοῖς
1873 3849 2392 3935 ἐντυγχάνουσιν
2431 3899 2445 3913 .
2468 3898 2482 3913 .
2522 3852 2689 3914 ἔνιοι
2728 3845 2801 3914 δὲ

456 3952 566 4020 καὶ
603 3956 921 4041 πατρίδος
958 3955 1266 4044 στέρησιν
1292 3955 1401 4024 καὶ
1429 3957 1783 4043 χρημάτων
1821 3956 2159 4041 ἀποβολὴν
2190 3955 2467 4042 ἐφόδιον
2481 3954 2529 4039 ²)
2562 3961 2803 4041 σχολῆς

455 4062 848 4145 ἐποιήσαντο
893 4060 1004 4128 καὶ
1052 4067 1454 4149 φιλοσοφίας
1501 4064 1590 4142 ὡς
1633 4063 2033 4147 Διογένης
2077 4060 2186 4127 καὶ
2231 4062 2569 4149 Κράτης;
2621 4062 2801 4127 cuius

599 4239 650 4308 1)
689 4236 910 4293 Similia
939 4239 1008 4293 de
1033 4242 1366 4309 paupertate
1397 4240 1521 4295 Sen.
1543 4257 1629 4309 ep.
1652 4244 1737 4309 17,
1760 4245 1817 4308 33
1848 4239 2017 4294 Clem.
2037 4238 2195 4293 Alex.
2216 4238 2384 4293 Paed.
2406 4239 2473 4307 H,
2497 4244 2527 4292 5
2546 4257 2600 4308 p.
2626 4239 2798 4293 1661).

596 4330 652 4397 2)
695 4324 966 4396 Ἐφόὸιον
1014 4328 1238 4398 saepius
1285 4330 1365 4384 sic
1411 4329 1472 4383 in
1515 4330 1622 4383 hac
1672 4327 2005 4398 scriptorum
2052 4326 2193 4381 serie
2236 4326 2544 4397 invenitur3
2593 4327 2802 4383 similia

456 4416 627 4470 verba
664 4419 794 4471 sunt
829 4415 998 4471 ὤνιον
1036 4418 1124 4487 (de
1159 4425 1338 4488 tranq.
1377 4435 1422 4472 c.
1454 4424 1512 4487 23
1559 4419 1624 4473 de
1662 4419 1844 4487 cupid.
1884 4419 2037 4473 divit.
2077 4434 2123 4471 c.
2155 4422 2212 4483 13
2262 4433 2435 4485 quom.
2481 4418 2625 4471 adol.
2657 4424 2799 4487 poet.

456 4506 585 4560 aud.
615 4507 728 4560 deb.
759 4523 804 4560 c.
835 4509 907 4575 6),
949 4505 1192 4561 ἐνοίκιον
1223 4506 1439 4577 (Gnom.
1468 4506 1654 4562 Vatic.
1695 4507 1781 4562 ed.
1820 4504 2038 4562 Sternb.
2077 4506 2284 4578 [Wien.
2312 4508 2455 4561 stud.
2494 4506 2568 4578 X]
2607 4525 2660 4562 n.
2694 4511 2798 4576 75).
