3309 5167
1547 374 1973 437 ,86-

583 537 805 619 οὔσης,
853 536 1025 619 quod
1059 532 1443 599 Holstenius
1482 529 1592 619 (ad
1632 530 1850 617 Steph.
1889 531 2153 616 Byzant.
2192 556 2250 617 p.
2282 534 2365 598 33
2376 528 2441 619 7)
2489 530 2770 597 correxit
2816 541 2933 616 τῆς

580 640 652 726 γ’
680 640 898 725 Ὑρίας
936 642 1249 708 scribens:
1296 662 1490 726 quem
1526 643 1784 705 secutus
1822 640 2129 705 Benseler
2164 638 2462 728 (worterb.
2482 641 2537 705 d.
2557 660 2650 722 qr.
2673 640 2931 725 eiyenn.)

581 748 826 832 recepit
881 748 1163 814 insulam
1200 747 1422 836 Ὑρίαν
1477 768 1678 832 prope
1723 745 1983 811 Naxum
2038 746 2257 830 sitam,
2323 745 2437 811 ubi
2494 744 2697 811 Orion
2753 746 2933 811 habi—

582 859 803 940 tasset,
851 878 997 921 cum
1045 855 1338 922 ἐνταῦθα
1384 854 1466 919 ad
1510 873 1737 919 vocem
1784 852 2013 931 Νάξου
2059 854 2342 919 referret.
2427 852 2738 917 Attamen
2786 876 2931 918 cum

583 963 660 1026 de
707 962 921 1027 insula
965 962 1080 1028 illa
1124 965 1458 1047 praeterea
1501 960 1671 1027 nihil
1708 960 2009 1045 sciamus,
2058 959 2262 1026 Orion
2297 964 2514 1025 autem
2552 959 2795 1045 Hyriae
2831 962 2936 1027 vel

585 1068 820 1134 Ouriae
865 1069 1174 1135 Boeotiae
1219 1073 1411 1133 natus
1469 1090 1609 1135 esse
1655 1067 1908 1133 dicatur
1923 1063 1990 1154 ¹),
2046 1066 2340 1152 sequitur
2393 1076 2510 1151 τῆς
2556 1064 2628 1149 γ’
2684 1068 2935 1154 Οὐρίας

584 1176 996 1242 scribendum
1043 1200 1207 1262 esse,
1254 1180 1329 1241 ut
1377 1175 1687 1260 oppidum
1733 1175 1895 1240 illud
1941 1174 2249 1241 Boeotiae
2305 1173 2733 1260 significetur,
2778 1197 2934 1240 voce

589 1284 883 1350 ἐνταῦθα
928 1307 1079 1350 vero
1128 1284 1183 1349 is
1231 1306 1359 1368 quo
1405 1282 1793 1348 Plutarchus
1848 1282 2021 1347 hunc
2073 1283 2150 1348 de
2198 1281 2391 1347 exilio
2446 1280 2743 1347 libellum
2790 1302 2935 1346 con-

583 1390 918 1475 scripserit
974 1392 1181 1475 locus,
1239 1389 1623 1456 Chaeronea.
1717 1388 1935 1475 Atque
1991 1388 2085 1453 ita
2138 1389 2347 1454 solum
2404 1388 2569 1453 illud
2614 1392 2675 1453 εἰ
2720 1386 2793 1455 δὲ
2840 1391 2929 1475 μή

583 1502 833 1563 rectum
897 1520 1157 1563 sensum
1221 1498 1512 1583 praebet:
1577 1518 1730 1562 nam
1794 1496 1851 1561 si
1913 1495 2151 1561 Sardus
2212 1496 2325 1561 ille
2388 1495 2669 1561 insulam
2727 1519 2928 1582 prope

587 1603 848 1670 Naxum
883 1604 1077 1670 sitam
1107 1608 1514 1690 cognoverat,
1550 1602 1901 1668 verisimile
1930 1607 2045 1688 est,
2084 1626 2233 1667 eum
2261 1602 2343 1667 ad
2370 1602 2708 1667 clariorem
2735 1608 2929 1689 atque

585 1710 909 1775 notiorem
974 1734 1230 1797 quoque
1294 1710 1648 1795 adpulisse3
1712 1732 1791 1774 ex
1842 1714 2071 1775 nostra
2125 1713 2343 1775 autem
2398 1708 2933 1793 interpretatione
3032 1782 3039 1786 ,

585 1817 680 1882 ita
723 1839 824 1882 res
871 1840 940 1883 se
986 1818 1202 1902 habet,
1247 1822 1322 1883 ut
1365 1817 1753 1882 Plutarchus
1800 1839 2075 1903 parvum
2121 1815 2403 1901 aliquem
2447 1814 2663 1885 locum
2706 1818 2936 1885 afferre

586 1924 883 2010 voluerit,
922 1948 1114 2011 quem
1150 1924 1394 1991 amicus
1431 1924 1570 2009 ipse
1607 1924 1902 1991 vidisset:
1950 1924 2133 2009 atqui
2172 1948 2317 1989 cum
2351 1946 2486 1989 non
2524 1929 2695 1990 certe
2726 1924 2942 2011 sciret,-

585 2056 744 2097 num
779 2031 1040 2098 Naxum
1085 2032 1194 2098 ille
1243 2031 1651 2117 cognovisset
1690 2029 1757 2118 (o
1773 2027 1801 2097 ἶ
1808 2057 1940 2116 μαι
1988 2048 2062 2097 σε
2106 2041 2223 2117 τῆς
2260 2036 2345 2097 Ν.
2382 2030 2731 2114 γεγονέναι
2777 2039 2937 2097 θεα-

587 2137 764 2227 τήν),
821 2140 1070 2205 addidit
1119 2144 1382 2224 portum
1441 2138 1629 2204 illum
1682 2138 2016 2223 Boeotiae,
2074 2161 2265 2225 quem
2309 2138 2497 2204 illum
2543 2137 2771 2203 visisse
2817 2162 2937 2223 pro

587 2249 763 2311 certo
819 2246 1118 2311 habebat.
1209 2246 1468 2311 Invenit
1527 2245 1731 2331 igitur
1783 2246 1850 2310 in
1911 2246 2089 2312 fonte
2146 2269 2263 2311 suo
2319 2244 2708 2311 Plutarchus
2765 2244 2939 2311 Naxi

587 2358 780 2438 atque
827 2353 1157 2438 Ephialtis
1206 2352 1442 2438 Otique
1499 2353 1889 2438 exemplum,
1946 2353 2177 2418 adiecit
2222 2352 2451 2419 Uriam
2506 2356 2571 2416 et
2616 2351 2939 2439 Orionem,

586 2460 760 2525 haud
817 2460 911 2525 ita
939 2460 1239 2526 'feliciter
1291 2482 1429 2525 rem
1485 2482 1715 2545 gerens
1725 2512 1743 2544 ‚
1799 2483 1945 2525 cum
1998 2461 2157 2526 haec
2210 2484 2344 2526 non
2398 2459 2611 2525 insula
2656 2458 2769 2545 sit,
2804 2442 2940 2525 ‘sed

589 2568 970 2651 oppidulum
1011 2566 1115 2655 (cf.
1155 2567 1324 2633 infra
1359 2565 1606 2651 praedii
1635 2566 2086 2651 Xenophontis
2128 2571 2193 2632 et
2222 2566 2607 2632 Academiae
2646 2566 2940 2651 exempla

522 2699 532 2725 ι
589 2697 636 2738 c.
681 2675 764 2739 10
800 2696 859 2757 p.
902 2670 1272 2759 603Bs·q.).
1353 2672 1452 2738 De
1496 2672 1937 2739 Alcmeonis
1984 2673 2277 2757 exemplo
2323 2672 2601 2739 fortasse
2656 2673 2939 2740 dubites:

585 2785 804 2866 potest
867 2780 945 2845 de
1001 2803 1118 2845 suo
1173 2780 1494 2847 addidisse
1548 2780 1937 2847 Plutarchus
1995 2786 2069 2846 ut
2123 2780 2481 2866 Tiberium,
2548 2803 2937 2865 quamquam

587 2887 818 2953 similis
855 2886 1222 2951 fabularum
1269 2888 1636 2972 explanatio
1685 2892 1879 2974 atque
1922 2887 2124 2954 Stoici
2172 2889 2553 2955 exercebant
2601 2885 2707 2975 (cf.
2730 2887 2937 2953 Zeller

587 2994 718 3077 111„
737 2996 769 3059 1
811 3016 870 3079 p.
894 2994 1025 3059 324
1045 2998 1212 3078 sqq.)
1253 2995 1333 3059 ad
1370 3017 1580 3060 mores
1621 3017 1728 3059 eas
1767 2994 2138 3079 referentes,
2178 3017 2340 3079 quae
2378 2998 2597 3059 tamen
2627 2994 2707 3059 ad
2734 2995 2929 3061 vitam

588 3105 878 3185 spectare
925 3100 1236 3185 videatur,
1281 3124 1414 3166 non
1458 3106 1594 3167 tam
1637 3100 1864 3167 insane
1901 3101 2221 3167 rationem
2266 3101 2473 3167 solam
2511 3106 2817 3187 sequatur
2854 3104 2925 3165 ut

589 3207 761 3291 apud
797 3206 946 3272 illos
985 3204 1092 3293 (cf.
1123 3206 1333 3271 Zeller
1369 3208 1408 3271 l.
1432 3229 1480 3272 c.
1510 3230 1569 3291 p.
1591 3209 1724 3274 334
1744 3206 1887 3294 sq.),
1927 3209 2008 3273 ab
2036 3206 2343 3273 Aristone
2380 3230 2515 3273 non
2550 3206 2925 3295 abhorret.²)

764 3313 944 3377 Idem
994 3336 1221 3379 sensus
1278 3318 1470 3399 atque
1526 3314 1626 3380 illi
1678 3315 1965 3400 Philippi
2022 3315 2195 3381 dicto
2254 3316 2479 3380 subest
2542 3314 2633 3381 eis
2701 3316 2934 3402 quibus

588 3419 778 3484 initio
835 3442 984 3505 cap.
1039 3423 1122 3486 10
1183 3420 1624 3505 admonemur,
1679 3445 1760 3488 ne
1814 3423 1937 3506 τὴν
1995 3420 2427 3507 εὐδαιμονίαν
2483 3426 2775 3508 σχοίνοις
2828 3422 2938 3490 καὶ

587 3526 1044 3612 παρασάγγαις
1107 3537 1498 3616 μετροῦντες
1560 3528 1630 3593 in
1693 3552 1893 3614 parva
1955 3529 2175 3595 insula
2230 3530 2678 3595 lamentemur:
2744 3535 2938 3616 atque

588 3633 751 3697 illud
804 3636 875 3699 τί
923 3635 1050 3719 γὰρ
1105 3634 1145 3717 ἡ
1199 3640 1473 3701 πλατεῖα
1525 3637 1708 3722 χώρα
1762 3638 1929 3722 πρὸς
1980 3638 2097 3702 τὸν
2152 3638 2410 3703 ἄλυπον
2460 3640 2639 3722 βίον;
2696 3638 2940 3722 optime

589 3739 870 3824 explicat
907 3763 1070 3824 quae
1107 3740 1177 3807 in
1213 3742 1585 3808 universum
1615 3742 1916 3808 dicuntur
1954 3766 2085 3827 cap.
2112 3745 2190 3811 17
2220 3743 2435 3809 verbis
2474 3744 2841 3830 ἀνθρώπου
2871 3743 2933 3809 δ’

591 3847 812 3925 οὐδεὶς
849 3849 1227 3935 ἀφαιρεῖται
1263 3852 1462 3927 τόπος
1499 3850 1621 3934 τὴν
1655 3851 2105 3936 εὐδαιμονίαν.
2178 3850 2395 3937 Atque
2423 3856 2497 3916 ut
2525 3852 2649 3916 hoc
2686 3852 2938 3916 duobus

588 3954 746 4020 viris
813 3955 980 4021 inter
1045 3979 1112 4021 se
1169 3957 1485 4043 oppositis
1546 3957 1913 4024 illustratur
1962 3994 2042 4005 ——
2092 3981 2286 4044 quam
2342 3958 2609 4023 eandem
2661 3960 2939 4044 figuram

916 4082 1025 4089 --—-—

736 4149 790 4216 1)
819 4145 900 4201 cf.
928 4146 1154 4216 Preller‚
1182 4166 1262 4219 yr.
1283 4151 1500 4220 mythol.
1521 4150 1574 4204 Ι3
1598 4169 1652 4220 p.
1677 4156 1781 4205 370
1794 4168 1873 4219 sq.
1907 4184 1967 4191 -
2002 4151 2074 4205 de
2098 4150 2340 4206 nominis
2368 4151 2550 4207 forma
2577 4150 2715 4207 ibid.
2738 4151 2865 4207 adn.
2888 4158 2937 4207 4.

735 4238 789 4304 2)
839 4234 1164 4289 simillimas
1221 4236 1458 4291 dixerim
1512 4256 1608 4293 eas
1666 4239 2094 4310 explicationes,
2152 4258 2299 4309 quae
2355 4241 2661 4295 afferuntur
2714 4240 2939 4295 reiectis

591 4322 841 4393 physicis
887 4340 922 4377 a
967 4325 1267 4380 Plutarcho
1313 4345 1486 4397 quom.
1525 4330 1668 4384 adol.
1692 4336 1835 4399 poet.
1864 4332 1992 4385 aud.
2024 4332 2136 4387 deb.
2177 4348 2221 4385 c.
2253 4336 2287 4383 4
2322 4349 2374 4400 p.
2408 4336 2474 4383 19
2498 4330 2541 4383 F
2592 4332 2684 4400 (de
2721 4331 2937 4385 Phaea-

593 4414 750 4467 cibus
804 4414 871 4469 cf.
909 4414 1039 4470 Hor.
1081 4432 1164 4483 ep.
1205 4416 1254 4484 Ι,
1294 4422 1351 4485 2,
1391 4423 1456 4471 27
1498 4418 1561 4489 [Ι,
1605 4423 1688 4487 15,
1728 4420 1847 4491 24],
1898 4420 2067 4475 Clem.
2105 4419 2261 4475 Alex.
2300 4420 2470 4475 Paed.
2514 4419 2580 4489 11,
2625 4426 2707 4490 72,
2748 4426 2849 4473 212
2870 4420 2936 4491 P)

595 4506 653 4558 et
690 4520 833 4571 quae
871 4502 944 4555 ab
982 4502 1218 4558 Horatio
1255 4502 1315 4559 in
1351 4512 1454 4561 art.
1475 4514 1619 4575 poet.
1661 4514 1761 4562 391
1784 4526 1904 4577 sqq.
