3309 5167
1383 360 1810 425 „61-

425 543 704 593 νουσαι
725 528 1117 611 κουφίζουσι
1136 520 1245 589 καὶ
1261 519 1539 611 σῴζουσι
1646 532 1781 585 τῶν
1836 522 2028 586 ἰδίων
2082 522 2392 604 συνάγεις
2445 518 2552 587 ε’πὶ
2608 538 2763 586 σαυ-

423 634 499 697 τὸ
528 635 787 699 λοιπόν·
835 634 905 698 οἷ
938 628 1012 697 δὲ
1035 634 1394 716 φιλόλυποι
1429 626 1540 695 καὶ
1644 625 1848 715 τόν.1)

425 743 748 823 φιλαίτιοι
802 748 892 827 τῷ
937 740 1016 803 τὰ
1070 741 1362 824 χείριστα
1407 746 1542 801 τῶν

426 848 621 911 ἰδίων
685 846 1003 928 συνάγειν
1067 842 1167 909 ἀεὶ
1230 841 1341 909 καὶ
1401 844 1541 907 δια-

425 955 804 1035 λογίζεσθαι
865 949 976 1017 καὶ
1035 947 1543 1037 προστετηκέναι

423 1070 564 1136 τοῖς
618 1058 919 1146 ἀνιαροῖς
971 1060 1260 1145 ἄχρηστα
1309 1055 1418 1123 καὶ
1462 1058 1544 1121 τὰ
1658 1095 1661 1099 ·

423 1166 711 1251 χρήσιμα
753 1175 1063 1231 ποιοῦσιν
1109 1163 1386 1242 ἑαυτοῖς.

511 1275 670 1350 τοὺς
712 1276 854 1361 γὰρ
903 1275 1175 1351 δοιοὺς
1220 1266 1543 1355 πίθους,

427 1374 478 1443 ὦ
508 1381 683 1463 φίλε,
721 1378 1134 1467 οὓςὍμηρος
1165 1383 1292 1464 ἔφη
1319 1390 1542 1466 κηρῶν

427 1485 778 1571 ἐμπλείους
827 1486 900 1553 ἐν
945 1486 1210 1575 οὐρανῷ
1254 1494 1542 1571 κεῖσθαι,

423 1594 561 1658 τὸν
580 1590 719 1677 μὲν
737 1592 1059 1674 ἀγαθῶν
1076 1594 1212 1658 τὸν
1241 1589 1541 1678 δὲφαύ-

425 1690 628 1783 λων,’
694 1698 815 1785 οὐχ
880 1700 916 1765 ὁ
984 1702 1153 1777 Ζεὺς
1212 1702 1543 1786 ταμιεύων

422 1806 708 1889 κάθηται
745 1856 762 1871 .
788 1856 837 1891 .,
884 1802 1028 1873 ἀλλ’
1080 1806 1270 1891 ἡμῶν
1323 1807 1543 1872 αὐτῶν

424 1913 494 1978 οἱ
525 1910 664 1998 μὲν
700 1922 895 1978 νοῦν
924 1915 1234 1997 ἔχοντες
1262 1963 1342 1997 ..,
1377 1927 1545 1992 τοῖς

426 2016 508 2084 δὲ
552 2026 878 2097 πολλοῖς
914 2070 929 2084 .
959 2070 975 2083 .
1014 2043 1065 2084 e.
1105 2043 1161 2105 q.
1202 2044 1248 2085 S.

515 2379 563 2421 ο.
599 2357 656 2422 5.
714 2352 812 2423 ὧν
865 2353 926 2423 δ’
984 2358 1026 2441 ἡ
1082 2359 1285 2443 φύσις
1342 2356 1544 2424 οὐδὲν

425 2466 558 2549 ἔχει
597 2468 833 2549 κακὸν,
879 2460 1024 2531 ἀλλ’
1069 2466 1230 2531 ὅλον
1264 2464 1374 2531 καὶ
1409 2476 1544 2531 πᾶν

424 2572 500 2636 τὸ
531 2577 788 2637 λυποῦν
819 2572 888 2637 ἐκ
923 2581 1118 2656 κενῆς
1155 2572 1350 2656 δόξης
1387 2572 1544 2637 ἀνα-

423 2676 809 2762 πέπλασται,
845 2688 1050 2744 ταῦτα
1091 2680 1197 2743 δεῖ
1223 2728 1237 2741 .
1258 2728 1273 2742 .
1314 2678 1546 2762 ἐγγὺς

429 2783 922 2869 ἁπτομένους
991 2782 1119 2850 καὶ
1189 2789 1545 2871 συνερεί-

431 2891 713 2969 δοντας
791 2894 927 2956 τὸν
1007 2891 1390 2976 λογισμὸν
1470 2893 1544 2957 τὸ

429 3000 739 3085 σαθρὸν
773 2995 884 3062 καὶ
921 2999 1004 3063 τὸ
1042 3000 1273 3064 κενὸν
1308 2996 1418 3063 καὶ
1446 3022 1546 3064 τε-

425 3102 940 3195 τραγῳδημένον
984 3104 1488 3171 ἀποκαλύπτειν.

1741 1292 1789 1334 e.
1827 1270 1922 1335 14.
1972 1270 2072 1334 ὅτι
2110 1267 2173 1335 δ’
2206 1268 2476 1346 ἕκαστος
2517 1267 2589 1333 ἐν
2618 1265 2768 1333 ἑαυ-

1650 1385 1741 1465 τςό
1794 1378 1873 1441 τὰ
1929 1385 2044 1460 τῆς
2099 1375 2424 1461 εὐθυμίας
2480 1372 2589 1440 καὶ
2651 1384 2769 1459 τῆς

1651 1485 2029 1567 δυσθυμίας
2103 1486 2233 1568 ἔχει
2301 1494 2591 1567 ταμιεῖα,
2659 1480 2767 1546 καὶ

1649 1594 1862 1667 τοὺς
1941 1602 2112 1656 τῶν
2184 1589 2553 1671 ἀγαθῶν
2624 1587 2768 1653 καὶ

1649 1709 1907 1763 κακῶν
1960 1700 2253 1774 πίθους
2307 1696 2430 1761 οὐκ
2481 1695 2555 1761 ἐν
2599 1698 2769 1773 Διὸς

1651 1806 1836 1870 οὔδει
1863 1802 2391 1888 κατακειμένους,
2419 1800 2565 1869 ἀλλ’
2593 1801 2665 1868 ἐν
2690 1812 2769 1889 τῇ

1651 1920 1827 1997 ψυχῇ
1847 1909 2191 1996 κειμένους
2210 1912 2283 1975 αἱ
2297 1907 2615 1994 διαφοραὶ
2634 1920 2772 1973 τῶν

1651 2025 1893 2085 παθῶν
1928 2020 2267 2101 δηλοῦσιν.
2340 2017 2411 2082 οῖ
2442 2012 2581 2101 μὲν
2626 2018 2769 2102 γὰρ

1652 2125 1975 2209 ἀνόητοι
2024 2175 2039 2189 .
2070 2173 2115 2209 .,
2161 2126 2231 2189 οἱ
2273 2121 2357 2189 δὲ
2393 2126 2771 2210 φρόνιμοι

1652 2255 1705 2297 e.
1744 2257 1802 2319 q.
1842 2231 1956 2321 εἳ)

1742 2379 1790 2421 e.
1825 2358 1923 2422 18.
1970 2355 2012 2439 ἡ
2052 2353 2126 2421 δὲ
2155 2353 2395 2444 (ψυχὴ)
2421 2353 2532 2420 καὶ
2562 2357 2769 2420 νόσου

1649 2461 1761 2529 καὶ
1798 2465 2012 2529 πόνου
2037 2461 2149 2528 καὶ
2181 2472 2401 2548 φυγῆς
2438 2468 2771 2548 μελετῶσα

1652 2574 2028 2654 φαντασίαν
2132 2571 2548 2655 ὑφίστασθαι
2660 2568 2769 2635 καὶ

1651 2675 2281 2763 προσβιαζομένη
2334 2686 2425 2765 τῷ
2480 2683 2772 2764 λογισμῷ

1653 2784 1915 2869 εὑρήσει
1948 2786 2120 2849 πολὺ
2139 2786 2213 2849 τὸ
2241 2782 2773 2868 κατεψευσμένον

1652 2888 1763 2954 καὶ
1803 2890 2171 2955 διάκενον
2207 2888 2316 2955 καὶ
2356 2892 2660 2976 σαθρὸν
2699 2890 2771 2955 ἐν

1651 3005 1793 3075 τοῖς
1838 2998 2111 3062 δοκοῦσι
2156 3003 2465 3081 χαλεποῖς
2503 2996 2611 3062 καὶ
2650 3020 2772 3081 φο-

1596 3085 1603 3189 Ι
1653 3109 1893 3190 βεροῖς.

571 3406 622 3475 1)
657 3404 742 3458 Ex
768 3404 966 3459 Hensii
1003 3406 1474 3461 commentatione
1515 3409 1589 3476 (p.
1620 3408 1746 3477 550)
1786 3405 1903 3459 iam
1941 3404 2232 3459 addendus
2270 3405 2358 3457 est
2383 3403 2585 3457 tertius
2613 3404 2770 3457 locus

430 3511 489 3545 π.
515 3497 864 3565 πολυπραγμ.
895 3512 940 3551 e.
973 3501 1021 3551 6.

573 3584 629 3651 2)
675 3582 754 3638 Cf.
793 3584 1020 3641 Maxim.
1059 3586 1188 3655 Tyr.
1217 3586 1285 3656 V,
1317 3591 1367 3655 3,
1398 3591 1492 3642 69:
1547 3584 1711 3640 τοῦτό
1768 3604 1862 3655 μοι
1906 3585 2004 3639 καὶ
2048 3582 2179 3655 περὶ
2223 3584 2321 3638 τὸν
2368 3586 2493 3656 βίον
2531 3581 2773 3654 Ὅμηρος

432 3669 662 3743 ᾐνίξατο
675 3688 687 3699 ·

855 3762 1020 3817 Δοιοὶ
1053 3762 1160 3835 γάρ
1195 3783 1256 3819 τε
1290 3765 1460 3818 πίθοι
1495 3764 1863 3818 κατακείαται
1900 3756 1960 3817 ἐν
1999 3761 2135 3824 Διὸς
2173 3762 2330 3816 οὔδει

430 3868 603 3937 φησίν
633 3908 647 3921 .
670 3910 683 3923 .
715 3864 856 3936 Ἐγὼ
895 3868 958 3923 δὲ
996 3868 1105 3939 ὁρῶ
1144 3870 1246 3939 μὲν
1282 3869 1385 3939 τὴν
1425 3872 1592 3941 μῖξιν,
1629 3869 1728 3924 καὶ
1763 3868 2040 3940 πείθομαι
2074 3874 2150 3941 τῷ
2188 3871 2356 3942 λόγῳ,
2395 3866 2773 3937 εὐφημότε-

429 3976 548 4026 ρον
597 3956 668 4011 δὲ
725 3956 1088 4026 ὀνομάζειν
1141 3956 1292 4013 θέλω
1345 3959 1448 4029 τὴν
1505 3962 1697 4033 βελτίω
1742 3958 1899 4029 παρὰ
1935 3958 2072 4029 Διὸς
2116 3956 2313 4027 νομήν.
2388 3954 2501 4026 ἔχει
2542 3954 2651 4025 γὰρ
2700 3955 2770 4023 δὴ

429 4040 563 4101 ὦδε·
604 4048 684 4117 (4)
716 4044 930 4116 Ἀρετὴ
973 4055 1189 4117 ψυχῆς
1223 4048 1338 4102 καὶ
1376 4050 1752 4119 μοχθηρία,
1800 4044 1967 4103 αὗται
2000 4046 2215 4117 πηγαὶ
2251 4055 2363 4101 τῶν
2400 4045 2538 4107 Διὸς
2581 4040 2772 4099 πίθων

429 4150 474 4189 e.
506 4152 558 4203 q.
590 4152 632 4190 s,
689 4134 757 4190 cf.
794 4134 967 4189 etiam
1000 4134 1148 4192 Plut.
1187 4154 1360 4207 quom.
1390 4139 1534 4193 adol.
1555 4144 1697 4207 poet.
1727 4138 1855 4191 aud.
1886 4137 1997 4191 deb.
2028 4153 2073 4191 c.
2106 4140 2137 4188 6
2164 4154 2220 4205 p.
2240 4134 2370 4189 24A
2399 4132 2564 4203 (οὕτω
2602 4132 2673 4201 δὴ
2702 4131 2773 4185 τὰ

428 4223 606 4277 πολλὰ
642 4224 1008 4287 τῶνψάτόπως
1043 4226 1174 4295 περὶ
1209 4234 1308 4280 τοῦ
1346 4226 1484 4289 Διὸς
1528 4225 1794 4296 λέγεσθαι
1832 4220 2150 4279 δοκούντων
2198 4218 2770 4292 ἐπανορθωτέον).

427 4312 612 4366 Hense
647 4312 684 4369 1.
715 4331 760 4370 c.
790 4333 843 4384 p.
875 4318 977 4368 547
1017 4314 1144 4370 adn.
1179 4322 1206 4369 1
1247 4317 1396 4369 recte
1443 4316 1735 4384 comparat
1778 4313 1901 4369 Sen.
1932 4329 2016 4383 ep.
2048 4318 2133 4381 99,
2163 4316 2211 4382 5,
2260 4326 2374 4379 qua
2416 4310 2479 4364 in
2525 4309 2771 4379 epistula

431 4400 746 4457 Aristonem
779 4402 979 4474 resipit
1015 4403 1190 4460 etiam
1226 4404 1370 4459 illud
1408 4408 1460 4474 (ξ
1482 4406 1570 4473 12)
1608 4405 1726 4459 vita
1760 4420 1858 4458 ‘nec
1896 4404 2093 4458 bonum
2126 4418 2225 4456 nec
2260 4402 2467 4455 malum
2502 4406 2605 4455 est.-
2642 4402 2771 4455 boni

433 4506 498 4545 ae
532 4494 668 4547 mali
704 4494 852 4547 locus
887 4499 998 4548 est(
