3309 5167
1394 370 1821 432 ...41-

442 530 806 596 Hannibale
835 529 1232 596 Antiochum
1267 529 1673 614 vituperante
1695 525 1878 614 'quod
1905 527 2101 593 faciat
2128 551 2290 614 quae
2320 551 2467 595 caro
2496 529 2772 615 iusserit,

441 661 572 704 11011
618 662 780 724 quae
827 643 1041 704 mente
1086 637 1415 723 praeditus
1461 637 1674 701 homo.
1748 636 1925 702 Haec
1970 636 2141 701 enim
2186 641 2473 702 extrema
2510 659 2659 702 cum
2694 638 2775 701 ad

439 745 780 825 historiam
823 744 1043 830 potius
1091 768 1285 830 quam
1329 746 1411 809 ad
1447 743 1927 829 philosophiam
1960 744 2345 829 pertineant,
2385 743 2772 809 Plutarchus

439 852 576 937 ipse
607 854 688 917 ad
713 853 1192 937 philosophiam
1225 851 1473 938 primus
1504 874 1837 917 revocasse
1865 851 2119 916 videtur
2132 849 2210 939 ¹)3
2246 850 2529 936 reliquas
2557 855 2771 915 autem

437 958 951 1025 narratiunculas
1007 982 1153 1025 cum
1205 960 1311 1025 vel
1362 964 1628 1045 propter
1682 981 1990 1044 personas
2041 959 2215 1043 ipsas
2272 981 2307 1022 e
2360 957 2777 1043 philosophia

439 1071 616 1131 ortas
663 1089 802 1131 esse
839 1072 1162 1152 appareat,
1212 1072 1431 1132 tamen
1477 1067 1645 1132 unde
1694 1088 1801 1132 eas
1848 1065 2197 1152 sumpserit
2230 1065 2616 1130 Plutarchus
2654 1089 2772 1150 pro

439 1176 614 1237 certo
689 1172 814 1238 dici
883 1173 1124 1259 nequit.
1233 1174 1412 1239 Inter
1481 1196 1556 1238 ea
1621 1173 1795 1238 enim
1856 1173 2074 1259 potius
2140 1173 2570 1238 numerandae
2634 1195 2773 1237 esse

438 1279 761 1365 videntur,
835 1303 998 1364 quae
1071 1285 1382 1367 tanquam
1463 1281 1783 1346 nummuli
1856 1280 2392 1365 philosophorum
2474 1279 2772 1345 omnibus

437 1409 687 1471 semper
739 1391 999 1471 praesto
1059 1392 1213 1453 sunt
1267 1392 1462 1473 atque
1517 1389 1599 1453 ab
1657 1387 1955 1453 omnibus
2016 1387 2321 1472 eduntur,
2384 1409 2775 1471 quamquam

435 1516 623 1558 nemo
687 1494 872 1558 facile
939 1494 1198 1581 dixerit,
1266 1496 1433 1560 unde
1498 1494 1815 1580 acceperit
1869 1496 1993 1560 hoc
2046 1494 2225 1560 illud.
2319 1494 2503 1571 Quod
2556 1498 2773 1559 autem

435 1599 596 1665 tales
652 1601 1173 1667 narratiunculae
1233 1604 1458 1667 eodem
1515 1625 1634 1668 nos
1692 1603 1933 1667 ducunt
1988 1624 2116 1686 quo
2172 1600 2529 1666 sententiae
2584 1605 2775 1665 antea

435 1707 780 1793 expositae,
833 1732 991 1794 quas
1037 1714 1112 1774 ut
1159 1711 1540 1775 confirment
1585 1710 1965 1794 afferuntur,
2024 1709 2197 1794 quod
2242 1731 2291 1773 e.
2333 1730 2391 1794 g.
2438 1729 2774 1795 argumen-

433 1814 622 1900 tatio,
679 1837 874 1900 quam
931 1815 1010 1880 ad
1067 1816 1338 1881 Bionem
1379 1816 1734 1903 „Cynicum
1786 1839 1989 1902 paene
2036 1815 2497 1901 Cyrenaicum“
2551 1820 2628 1880 ut
2681 1815 2775 1880 ita

435 1922 642 1987 dicam
678 1922 885 1987 redire
922 1923 1270 1989 verisimile
1307 1929 1424 2009 est,
1463 1924 1773 2009 exemplis
1809 1925 1885 1988 de
1913 1924 2251 1989 Theodoro
2280 1928 2346 1988 et
2375 1924 2451 1987 de
2482 1922 2773 2007 Diogene

434 2029 709 2114 sumptis
760 2031 1179 2096 confirmatur
1223 2054 1354 2097 non
1401 2036 1500 2097 est
1547 2055 1660 2098 cur
1706 2030 1974 2096 mireris.
2013 2068 2099 2079 -—
2138 2031 2313 2108 Quae
2359 2030 2436 2095 de
2481 2029 2771 2115 Diogene

433 2139 498 2201 et
524 2135 828 2222 Philippo
856 2142 1203 2202 narrantur
1239 2139 1464 2204 eodem
1500 2139 1711 2225 mod0,
1750 2137 1995 2204 scilicet
2032 2143 2107 2205 ut
2143 2139 2519 2224 παρρησίαν
2548 2136 2772 2222 Cynici

431 2243 742 2329 illustret,
805 2247 1138 2328 praeterea
1200 2244 1464 2310 adhibet
1516 2245 1905 2311 Plutarchus
1960 2268 2156 2329 quom.
2212 2246 2378 2311 adul.
2434 2246 2511 2310 ab
2574 2248 2771 2310 amico

431 2352 748 2416 internosc.
798 2373 846 2416 0.
887 2352 974 2419 30
1018 2375 1078 2436 p.
1120 2355 1156 2417 7
1162 2353 1271 2417 OB
1317 2350 1454 2441 (καὶ
1507 2354 1631 2439 γὰρ
1690 2352 2005 2439 ἐρώτησις
2060 2351 2265 2429 ἐνίοις
2306 2347 2417 2416 καὶ
2472 2352 2773 2435 διήγησις

430 2456 541 2523 καὶ
602 2460 824 2542 ψόφος
896 2459 1146 2543 ὁμοίων
1211 2457 1317 2544 ἐφ’
1387 2458 1635 2547 ἑτέροις
1699 2459 1740 2543 ἢ
1806 2462 2074 2537 ἔπαινος
2138 2460 2355 2545 ὥσπερ
2421 2458 2773 2544 ἐνδόσιμον

433 2567 527 2641 εἰς
579 2570 952 2652 παρρησίαν
1008 2564 1216 2653 ἐστίν)
1281 2590 1673 2653 quamquam
1736 2567 1949 2633 forma
1998 2566 2195 2651 paulo
2248 2570 2512 2652 novata,
2578 2589 2773 2652 quam

433 2670 812 2737 similiorem
875 2673 1137 2739 exhibet
1198 2674 1408 2739 Laert.
1463 2673 1652 2759 Diog.
1702 2674 1824 2760 VI,
1879 2676 1967 2741 43
2029 2672 2417 2758 Dionysium
2484 2671 2773 2738 Stoicum

433 2777 700 2843 laudans
771 2783 1133 2866 auctorem,
1207 2782 1285 2845 de
1361 2802 1488 2866 quo
1563 2781 1824 2867 quidem
1895 2780 2063 2847 nihil
2134 2780 2387 2846 scimus
2479 2779 2773 2845 Duarum

433 2883 693 2949 illarum
755 2886 832 2951 de
895 2886 1234 2951 Theodoro
1297 2887 1745 2953 narrationum
1814 2888 2019 2953 altera
2090 2887 2390 2953 similiter
2454 2886 2773 2972 disposita

433 2993 714 3057 occurrit
776 2992 945 3077 apud
1005 2989 1215 3057 Laert.
1262 2991 1450 3078 Diog.
1497 2993 1580 3078 H,
1623 2995 1751 3059 102
1818 2991 1955 3080 (ὅτε
2016 2990 2126 3059 καὶ
2190 2993 2771 3084 παρρησιαζομένῳ

432 3096 640 3183 φησὶν
681 3099 719 3165 ὁ
758 3096 1170 3187 Λυσίμαχος)
1215 3100 1462 3165 scilicet
1507 3105 1582 3166 ut
1627 3101 1923 3166 exulibus
1962 3101 2061 3165 uti
2096 3110 2173 3187 τῇ
2211 3105 2544 3189 παρρησίᾳ
2580 3101 2771 3167 110010

431 3206 838 3291 defendatur3
903 3206 1110 3272 altera
1170 3230 1490 3293 nusquam
1552 3213 1886 3293 praeterea
1948 3208 2275 3274 invenitur
2337 3208 2432 3274 ita
2494 3213 2569 3274 ut
2630 3232 2772 3273 eam

431 3313 512 3377 ad
565 3313 893 3399 integrum
956 3314 1295 3379 restituere
1348 3338 1481 3381 non
1546 3315 1897 3402 possimus,
1962 3315 2283 3401 quomodo
2338 3316 2769 3400 Telesphorus

429 3418 694 3502 punitus
757 3420 847 3485 sit
909 3420 1167 3505 saepius
1233 3425 1583 3486 enarratur.
1679 3421 1771 3488 Of.
1827 3427 2161 3508 praeterea
2220 3422 2771 3489 narratiunculam

349 3568 354 3573 -
433 3547 528 3609 ap.
566 3524 818 3592 Philon.
854 3527 991 3593 Iud.
1039 3530 1201 3612 quod
1243 3551 1400 3595 omn.
1438 3530 1609 3612 prob.
1660 3530 1757 3595 zib.
1808 3552 1943 3615 cap.
1994 3531 2094 3596 18.

607 3632 708 3697 Ea
735 3657 990 3719 quoque
1020 3658 1183 3720 quae
1211 3636 1378 3700 hanc
1407 3637 1484 3701 de
1511 3639 1847 3725 παρρησίᾳ
1876 3636 2383 3721 disputationem
2410 3644 2771 3723 sequuntur

433 3740 602 3823 apud
638 3739 1059 3807 Plutarchum
1104 3764 1182 3807 ex
1228 3743 1453 3809 eodem
1496 3744 1678 3809 fonte
1719 3744 1959 3811 hausta
1995 3767 2152 3829 esse,
2200 3768 2345 3810 cum
2380 3768 2496 3829 per
2534 3768 2602 3811 se
2638 3746 2769 3811 iam

431 3845 778 3912 verisimile
817 3851 917 3913 est
950 3884 1022 3895 -
1059 3850 1281 3914 eadem
1318 3850 1492 3915 enim
1529 3850 1945 3917 continuatur
1982 3851 2295 3917 orationis
2332 3853 2543 3917 forma
2575 3857 2769 3936 atque

430 3954 650 4019 omnia
711 3952 952 4039 optime
1018 3954 1186 4020 inter
1250 3980 1318 4022 se
1383 3958 1729 4024 cohaerent
1770 3996 1844 4006 —
1888 3963 2029 4023 tum
2085 3958 2282 4023 etiam
2342 3960 2769 4024 demonstrari

428 4065 664 4147 potest,
696 4083 842 4125 cum
870 4083 1092 4127 eorum
1121 4086 1374 4149 quoque
1401 4066 1624 4151 paucis
1658 4064 1943 4131 Musonii
1973 4066 2288 4150 quaedam
2315 4066 2770 4152 respondeant:

572 4239 623 4308 1)
662 4236 741 4292 Cf.
771 4237 917 4293 Plut.
957 4239 1024 4294 de
1058 4240 1211 4294 cohib
1248 4241 1338 4295 &ra
1373 4258 1420 4296 0.
1451 4246 1482 4293 9
1519 4259 1574 4310 p.
1600 4245 1705 4294 457
1716 4242 1761 4294 E
1800 4241 1889 4296 διὸ
1928 4241 2025 4295 καὶ
2061 4240 2327 4312 συνάγειν
2363 4240 2454 4295 ἀεὶ
2489 4250 2769 4311 πειρῶμαι

429 4324 526 4378 καὶ
563 4326 1007 4396 ἀναγιγνώσκειν
1046 4328 1114 4383 οὐ
1149 4337 1327 4383 ταῦτα
1364 4328 1434 4399 δὴ
1473 4327 1648 4399 μόνον
1680 4329 1751 4384 τὰ
1780 4338 1891 4384 τῶν
1920 4328 2264 4399 φιλοσόφων,
2302 4328 2399 4393 οὓς
2428 4347 2571 4399 φασι
2598 4332 2769 4401 χολὴν

429 4414 531 4518 οὐῖι
578 4412 726 4484 ἔχειν
773 4413 833 4469 οἵ
873 4424 1012 4471 νοῦν
1061 4414 1306 4487 ἔχοντες,
1363 4417 1503 4473 ἀλλὰ
1549 4422 1757 4489 μᾶλλον
1807 4418 1886 4473 τὰ
1940 4427 2069 4473 τῶν
2116 4418 2449 4491 βασιλέων
2496 4419 2611 4474 καὶ
2656 4442 2769 4475 τυ·-

431 4522 708 4573 ραννων.
1093 4522 1099 4527 ·
