3309 5167
1383 380 1765 445 ..9....

403 540 765 605 mittamur:
819 565 969 607 nam
1025 546 1098 607 ut
1153 565 1348 627 supra
1401 542 1502 607 bis
1559 542 1796 626 duplex
1850 565 2232 627 responsum
2278 543 2416 608 dari
2460 544 2735 609 vidimus

403 647 487 732 (p.
543 650 640 733 16,
672 652 710 713 8
759 673 923 735 sqq.;
978 673 1038 734 p.
1091 652 1190 735 17,
1219 654 1259 717 3
1307 648 1476 736 sqq.)
1535 655 1600 715 et
1653 673 1770 734 per
1823 650 2449 735 argumentationem
2502 656 2569 716 et
2622 674 2737 736 per

401 756 788 842 exemplum,
858 757 951 821 ita
1013 758 1280 822 eandem
1335 757 1647 822 sermonis
1704 758 1981 842 figuram
2036 758 2231 842 paulo
2286 758 2454 823 infra
2508 780 2737 845 cogno-

402 886 648 928 scemus
689 862 776 950 (p.
817 866 921 948 20,
949 861 1198 951 4sqq.).
1267 862 1500 929 Omnia
1537 863 1739 949 igitur
1785 864 1931 929 inde
1979 888 2018 929 a
2060 888 2122 949 p.
2167 868 2264 949 17,
2302 868 2379 931 12
2417 889 2619 952 usque
2658 868 2738 931 ad

399 994 456 1054 p.
520 973 618 1056 19,
649 974 690 1037 2
747 972 989 1056 optime
1043 972 1280 1036 fluunt:
1334 994 1576 1056 „neque
1630 994 1751 1055 pro
1808 972 2174 1037 calamitate
2218 995 2426 1057 neque
2470 997 2589 1057 pro
2637 975 2739 1038 de-

399 1078 624 1142 decore
688 1078 952 1143 exilium
1007 1079 1449 1163 accipiendum
1503 1082 1627 1143 est:
1683 1101 1835 1143 nam
1890 1079 2185 1164 relinquo
2239 1080 2472 1164 malosi,
2530 1080 2735 1145 bonus

397 1208 536 1249 esse
589 1208 722 1251 non
777 1185 1046 1251 desisto:
1101 1207 1306 1270 neque
1363 1185 1536 1251 enim
1582 1186 1853 1250 dedecus
1902 1188 2075 1271 quod
2120 1210 2159 1251 a
2202 1187 2389 1252 malis
2436 1186 2738 1252 iniuriam

396 1292 640 1377 accipio
694 1316 902 1377 neque
960 1292 1292 1358 calamitas
1351 1294 1524 1378 quod
1569 1293 1849 1378 patriam
1896 1294 2133 1359 malam
2180 1317 2318 1359 esse
2379 1293 2713 1380 intelligo“
2723 1321 2739 1380 3

394 1399 462 1464 id
509 1402 681 1485 quod
737 1423 811 1465 eo
869 1402 1288 1465 confirmatur
1333 1400 1508 1485 quod
1553 1422 1804 1485 semper
1851 1401 2072 1465 eadem
2117 1406 2498 1486 repetuntur
2542 1404 2740 1467 verba

394 1530 529 1592 per‘
555 1512 769 1573 totum
813 1508 984 1572 hunc
1029 1508 1244 1572 locum
1290 1509 1578 1590 ὄνειδος,
1626 1508 1987 1593 ἄκλήρημα,
2035 1508 2421 1595 εὐκλήρημα.
2441 1506 2490 1596 ¹)
2686 1596 2691 1601 ι

577 1614 740 1681 Cum
775 1637 852 1679 ea
887 1637 1050 1699 quae
1089 1620 1446 1699 sequuntur
1483 1614 1675 1679 Bioni
1721 1615 1951 1679 debere
1989 1615 2276 1680 Teletem
2312 1614 2528 1680 Hense
2568 1620 2741 1680 recte

397 1723 838 1787 demonstrare
892 1721 1186 1786 videatur
1241 1720 1339 1808 (in
1393 1719 1695 1808 adnott.),
1751 1722 1945 1806 paulo
2002 1724 2252 1788 cautius
2309 1723 2386 1786 de
2442 1722 2534 1787 eis
2581 1723 2741 1787 iudi-

395 1829 672 1893 candum
716 1828 903 1893 nobis
945 1850 1089 1893 esse
1137 1829 1435 1913 arbitror,
1482 1852 1645 1915 quae
1694 1829 1998 1915 leguntur
2040 1828 2188 1894 inde
2238 1852 2276 1893 a
2319 1853 2378 1914 p.
2424 1832 2523 1916 19,
2554 1832 2591 1895 8
2630 1830 2739 1895 καὶ

393 1936 792 2014 ὀνειδίζουσι
841 1932 962 2020 μὲν
1009 1936 1108 2001 ὅτι
1152 1938 1530 2021 Κυθήριος,
1578 1936 1680 2001 ὅτι
1726 1938 2103 2020 Μυκόνιος,
2152 1936 2254 2009 ὅτι,
2300 1941 2739 2022 Βελβινείτης.

395 2042 582 2111 Nam⁴
613 2047 687 2108 ut
731 2067 792 2127 p.
823 2045 926 2127 20,
961 2046 992 2107 1
1043 2043 1206 2107 illud
1254 2042 1326 2108 ἐν
1371 2038 1414 2129 ᾗ
1461 2042 1719 2127 ἐγένετό
1763 2068 1864 2121 τις
1906 2042 2015 2109 καὶ
2054 2042 2307 2130 ἐτράφη
2345 2044 2531 2131 redit,
2570 2044 2741 2129 quod

315 2170 321 2177 ·
394 2151 589 2214 modo
645 2149 870 2215 Bionis
931 2173 1070 2215 esse
1135 2151 1414 2215 vidimus
1480 2150 1566 2239 (p.
1622 2153 1721 2236 19,
1761 2154 1817 2217 3.
1857 2149 1957 2238 4),
2014 2154 2282 2217 verbum
2338 2156 2741 2237 καταβιῶναι

395 2261 615 2323 autem
680 2258 1027 2341 respondet
1092 2258 1191 2322 illi
1255 2257 1761 2343 καταγενέσθαι,
1827 2258 1923 2323 ita
1985 2260 2195 2344 figura
2248 2259 2363 2325 illa
2428 2260 2740 2325 sermonis

393 2363 508 2431 καὶ
565 2364 962 2443 ὀνειδίζουσι
1019 2361 1142 2450 μὲν
1197 2416 1212 2429 .
1245 2415 1259 2429 .
1290 2416 1304 2430 .
1352 2367 1529 2452 ὅμως
1585 2365 1664 2432 δέ
1715 2366 1937 2431 eadem
1992 2371 2092 2431 est
2154 2371 2349 2451 atque
2406 2389 2481 2431 ea
2546 2389 2741 2452 quam

392 2471 592 2556 paulo
620 2470 790 2535 infra
820 2470 1132 2556 Stilponis
1172 2495 1311 2538 esse
1353 2474 1705 2557 apparebit.
1780 2472 2168 2558 Priusquam
2205 2495 2356 2539 vero
2393 2496 2738 2559 pergamus

392 2580 538 2644 1060
587 2578 965 2663 gravissime
1014 2578 1346 2663 deperdito
1404 2580 1686 2665 genuina
1729 2580 1938 2647 forma
1983 2580 2383 2646 restituenda
2428 2586 2552 2647 est:
2612 2604 2739 2666 quo

391 2686 467 2751 in
518 2684 782 2770 negotio
847 2684 1039 2750 multi
1104 2685 1234 2751 iam
1289 2686 1412 2752 viri
1467 2687 1642 2753 docti
1706 2688 1949 2753 frustra
2015 2690 2253 2753 versati
2317 2693 2496 2772 sunt,
2563 2688 2741 2754 velut

398 2791 920 2857 Wilamowitz
967 2796 1034 2856 et
1067 2791 1496 2859 Buecheler
1542 2793 1650 2881 (cf.
1682 2794 1829 2859 edit.
1868 2792 2113 2882 Heus),
2159 2796 2404 2880 primus
2441 2794 2511 2859 ni
2546 2794 2740 2859 fallor

394 2899 754 2963 Welcker
825 2899 1018 2965 rhein.
1089 2921 1244 2965 muS.
1317 2900 1350 2965 Ι
1414 2898 1649 2987 (1832)
1714 2925 1773 2986 p.
1837 2902 1987 2986 435,
2058 2902 2409 2968 novissime
2472 2902 2740 2966 Arnim

387 3011 538 3091 ρὸὐέ.
575 3006 688 3089 961.
737 3025 872 3071 am.
915 3012 1084 3071 1890
1129 3030 1187 3090 p.
1233 3008 1362 3072 124
1408 3011 1474 3072 et
1509 3006 1725 3073 Diels
1772 3008 1810 3073 1.
1851 3030 1899 3073 c.
1940 3006 2082 3095 (qui
2119 3010 2400 3092 „auom
2438 3008 2741 3093 λέγοντες

393 3112 654 3199 μέτοικε
719 3111 914 3177 scribi
979 3112 1166 3199 vult).
1267 3112 1495 3199 Neque
1552 3136 1673 3200 ego
1728 3115 1998 3181 meliora
2051 3138 2409 3201 proponere
2464 3139 2739 3202 possem,

393 3220 454 3287 si
490 3220 560 3285 in
597 3218 756 3285 meis
796 3219 1330 3306 acquiescendum
1367 3221 1528 3286 mihi
1566 3227 1765 3306 esset3
1804 3245 1950 3287 cum
1987 3245 2140 3288 vero
2169 3224 2740 3290 Wachsmuthii

393 3328 704 3414 palmaris
737 3327 1106 3393 coniectura
1132 3327 1293 3393 mihi
1330 3333 1590 3414 praesto
1629 3329 1734 3413 sit,
1775 3353 1901 3416 qua
1939 3335 2013 3395 ut
2050 3332 2207 3397 haec
2244 3354 2547 3397 exornem
2584 3332 2739 3398 libe-

393 3434 718 3500 ralissime
745 3434 1044 3519 permisit
1062 3436 1162 3500 vir
1181 3435 1614 3521 doctissimuS‚
1645 3441 1719 3503 ut
1747 3436 1877 3502 iam
1901 3437 2053 3503 huic
2081 3438 2223 3505 loco
2254 3462 2355 3505 me
2384 3440 2739 3506 remedium

395 3541 749 3609 allaturum
796 3565 936 3607 esse
977 3544 1358 3627 promittere
1394 3567 1662 3629 possum
1701 3544 1796 3609 ita
1832 3546 2244 3629 supersedere
2282 3548 2539 3634 singula
2575 3572 2737 3634 quae

393 3649 733 3734 proposita
768 3655 921 3715 sunt
958 3651 1264 3717 refellere.
1314 3690 1388 3698 —
1423 3651 1604 3717 Vitio
1643 3652 1801 3717 dant
1838 3652 2002 3717 alius
2038 3652 2148 3717 alii
2175 3654 2485 3741 patriam3
2521 3660 2739 3721 tamen

393 3778 536 3821 esse
574 3756 820 3839 aliquid
858 3756 1097 3842 dicunt,
1135 3758 1308 3843 quod
1337 3758 1431 3823 ibi
1461 3759 1654 3845 degat
1682 3759 1885 3825 vitam
1914 3759 2149 3844 aliquis
2179 3761 2293 3826 ubi
2322 3766 2514 3827 natus
2546 3766 2737 3847 atque

398 3862 708 3926 educatus
758 3861 870 3946 sit3
915 3862 1198 3947 plurima
1245 3865 1480 3950 oppida
1525 3866 1861 3950 deperdita
1908 3866 2131 3931 dicunt
2177 3872 2370 3954 atque
2407 3867 2737 3954 improbos

396 3968 641 4033 incolas
680 3967 924 4056 (mente
955 3972 1384 4055 supplendum
1413 3978 1513 4038 est
1542 3978 1714 4057 φασί
1735 3997 1796 4058 p.
1826 3975 1929 4058 20,
1964 3970 2031 4060 1)
2072 4012 2137 4020 -
2174 3974 2283 4039 καὶ
2320 3976 2435 4052 τὰς
2471 3980 2740 4053 πλείους

394 4073 520 4161 μὲν
565 4074 824 4153 ἐξώλεις
867 4086 1002 4141 τῶν
1045 4081 1304 4144 πόλεων
1349 4077 1459 4143 καὶ
1496 4084 1651 4158 τοὺς
1690 4080 2113 4159 ἐνοικοῦντας
2150 4081 2422 4166 ἀσεβεῖς,
2460 4080 2626 4167 μέγα
2664 4080 2738 4147 δὲ

393 4181 506 4247 καὶ
560 4176 888 4267 προσηνὲς
942 4185 1063 4267 τὴν
1108 4187 1393 4270 πατρίδα
1449 4187 1666 4273 ὥσπερ
1722 4185 1830 4252 καὶ
1883 4188 2067 4271 αὐτή.
2124 4226 2189 4233 -
2242 4186 2434 4255 Ἀλλὰ
2478 4188 2588 4253 καὶ
2636 4191 2737 4255 ὅτι

465 4338 468 4341 ’
541 4342 594 4410 1)
639 4340 826 4418 Verba
872 4342 1164 4413 ἀκλήρημα
1211 4344 1269 4395 et
1315 4343 1632 4413 εὐκλήρημα
1678 4346 1971 4414 praeterea
2018 4362 2130 4399 non
2176 4344 2538 4419 inveniuntur
2585 4350 2738 4418 apud

395 4427 670 4497 Teletem3
727 4430 990 4499 ἀκληρείν
1029 4435 1136 4501 (19,
1167 4434 1222 4501 2)
1269 4432 1327 4485 et
1373 4433 1661 4501 εὐκληρεῖν
1709 4432 1973 4503 leguntur
2019 4453 2072 4503 p.
2114 4439 2198 4503 47,
2230 4439 2288 4502 1,
2339 4452 2448 4503 quo
2498 4436 2567 4491 de
2612 4437 2735 4494 loco

395 4516 464 4571 cf.
504 4518 650 4571 infra
686 4538 738 4589 p.
777 4525 857 4573 19.
