3309 5167
1438 378 1919 444 „go-

618 562 666 604 e.
707 541 764 604 3.
841 541 978 605 ἔστι
1035 536 1108 605 δὲ
1166 538 1274 605 καὶ
1338 541 1646 627 χρώματα
1844 564 1892 606 6.
1935 542 1990 634 8.
2047 539 2309 623 ἀγαθὸν
2354 541 2587 606 τοίνυν
2625 536 2698 603 ἐν
2733 544 2875 616 τοῖς

528 648 788 733 λυπηρὰ
813 656 891 733 τῇ
921 650 1070 727 ὄψει
1097 650 1260 735 πρὸς
1291 648 1332 713 ἃ
1351 651 1646 732 γίγνεται
1755 647 2149 732 ἀβουλήτοις
2176 648 2689 733 συμπτώμασι
2706 647 2874 732 πρὸς

527 757 601 820 τὸ
667 762 1060 838 συγχεῖσθαι
1111 753 1221 820 καὶ
1280 766 1645 841 μαραυγεῖν
1756 754 2092 840 εὐθυμίαν
2134 753 2244 820 καὶ
2295 756 2369 821 τὸ
2415 756 2505 841 μὴ
2550 760 2872 840 παρορᾶν,

528 862 640 926 διά
669 864 1072 948 σκληρότητα
1099 860 1210 928 καὶ
1237 866 1394 947 βίαν
1421 863 1645 946 ἀνίκη-
1756 863 1877 928 ὅσα
1905 868 2239 948 προσφιλῆ
2268 860 2378 928 καὶ
2416 861 2640 929 ἀστεῖα
2676 860 2871 947 πάρε-

527 992 664 1034 τον.
738 970 800 1034 εἰ
842 973 1076 1035 τοίνυν
1123 976 1281 1055 ἴαμα
1327 978 1442 1054 τῆς
1488 971 1644 1035 δυσ-
1755 986 1903 1036 στιν
1981 969 2170 1055 ἡμῖν,
2261 970 2428 1036 ἀλλά
2513 968 2873 1054 μιγνύντας

527 1078 840 1161 χρηστίας
876 1076 1129 1160 ἐκείνης
1170 1075 1478 1163 ἐμίξαμεν
1522 1077 1644 1161 τὴν
1755 1075 2170 1164 ἐξαμαυροῦν
2245 1077 2326 1143 τὰ
2407 1079 2701 1165 χείρονα·
2734 1084 2873 1151 τοῖς

527 1182 974 1261 σκιάναύτοῖς
1010 1183 1051 1268 ἢ
1079 1183 1220 1268 τὴν
1249 1187 1437 1263 ὄψιν
1465 1182 1644 1250 ἀπε-
1754 1187 2061 1270 βελτίοσι.
2106 1191 2235 1250 νῦν
2256 1180 2486 1261 δὲτὰς
2512 1179 2634 1269 μὲν
2654 1184 2875 1261 ὄψεις

527 1286 972 1376 στρέψαμεν
1009 1289 1123 1356 ἐπί
1153 1315 1217 1356 τι
1253 1301 1388 1357 τῶν
1422 1297 1644 1377 χλοε-
1752 1292 1883 1357 ὑπὸ
1920 1303 2056 1358 τῶν
2091 1293 2263 1376 ἄγαν
2289 1297 2608 1380 λαμπρῶν
2643 1314 2873 1375 τιτρω-

527 1420 566 1481 ρ
580 1406 684 1462 ῶν
711 1395 821 1463 καὶ
843 1408 1220 1484 προσηνῶν,
1234 1396 1410 1464 τοῦτ’
1440 1398 1646 1479 ἔξεστι
1754 1396 2075 1484 σκομένας
2140 1399 2181 1465 ἀ
2200 1421 2248 1465 π
2266 1423 2303 1465 ο
2324 1416 2365 1465 σ
2382 1422 2468 1484 τρ
2490 1397 2526 1464 ε’
2540 1422 2590 1483 φ
2616 1422 2651 1463 o
2671 1422 2714 1463 ν
2732 1420 2769 1462 τ
2790 1420 2820 1462 ε
2842 1421 2875 1473 ς

525 1515 744 1569 ποιεῖν
787 1504 896 1571 καὶ
943 1507 1109 1591 πρὸς
1152 1507 1241 1572 τά
1289 1508 1644 1591 συμπτώ-
1752 1516 1924 1585 ταῖς
1996 1506 2387 1592 ἀνθηραῖς
2465 1504 2592 1572 καὶ
2674 1503 2873 1570 ποώ-

528 1636 756 1698 ματα,
800 1615 1251 1701 κεραννύντας
1295 1614 1521 1692 αὐτοῖς
1565 1615 1645 1679 τά
1754 1615 1797 1679 δ
1807 1631 1922 1679 εσι
2018 1616 2249 1703 χρόαις
2344 1620 2873 1700 παρηγοροῦμεν,

525 1720 812 1806 χρήσιμα
855 1718 966 1787 καὶ
1013 1722 1463 1809 φιλάνθρωπα
1501 1771 1517 1787 .
1543 1770 1561 1786 .
1755 1722 1879 1807 τὴν
1923 1717 1998 1786 δὲ
2036 1721 2343 1786 διάνοιαν
2380 1770 2397 1785 .
2425 1770 2441 1787 .

619 1849 666 1890 6.
697 1828 754 1893 4.
831 1830 914 1895 αἱ
954 1825 1076 1914 μὲν
1121 1830 1246 1915 γὰρ
1296 1826 1646 1919 ἰατρικαὶ
1846 1852 1893 1893 c.
1936 1830 1992 1894 8.
2050 1825 2194 1895 ἀλλ’
2230 1829 2447 1913 ὥσπερ
2487 1828 2569 1893 αῖ
2600 1825 2873 1893 σικύαι

529 1935 796 2000 σικύαι
851 1939 934 2003 τὸ
1001 1940 1504 2023 φαυλότατον
1568 1935 1648 2002 ἐκ
1756 1936 1839 2001 τὸ
1876 1938 2279 2022 χείριστον
2316 1934 2396 2001 ἐκ
2428 1945 2561 2019 τῆς
2590 1935 2875 2019 σαρκὸς

527 2050 666 2106 τοῦ
757 2044 1107 2129 σώματος
1199 2044 1646 2129 ἀναλαμβά-
1757 2042 2155 2128 ἕλκουσιν,
2226 2042 2397 2109 οὕτω
2461 2044 2540 2108 τά
2603 2041 2874 2108 κάκιστα

528 2289 748 2360 Stilpon
795 2291 1144 2346 anzulehnen
1191 2290 1444 2346 scheint“
1484 2308 1531 2346 e.
1560 2309 1614 2359 q.
1645 2308 1689 2347 a.
1762 2290 1873 2346 Sed
1922 2290 2181 2360 quamvis
2235 2291 2377 2345 haec
2420 2290 2635 2345 inserta
2680 2290 2794 2345 sint
2840 2308 2875 2345 a

526 2379 828 2435 Plutarcho
839 2423 857 2449 ,
903 2382 1053 2436 certe
1100 2382 1298 2435 eadem
1345 2399 1414 2436 ex
1458 2379 1700 2435 materia
1736 2380 2070 2451 deprompta
2106 2383 2260 2436 sunt:
2308 2381 2506 2435 eadem
2543 2378 2692 2434 enim
2728 2380 2873 2435 ratio

527 2468 588 2521 in
634 2470 1038 2525 consuetudine
1093 2469 1434 2524 hominum
1489 2469 1935 2539 commendatur,
1992 2487 2138 2539 quae
2194 2471 2363 2524 antea
2417 2469 2477 2522 in
2532 2468 2874 2538 accipiendis

527 2559 756 2613 rebus:
803 2576 916 2613 non
951 2559 1210 2613 mutandi
1249 2559 1380 2613 sunt
1414 2556 1705 2612 hominum
1740 2575 1947 2629 moreS‚
1997 2559 2097 2613 sed
2133 2558 2328 2627 quales
2366 2560 2497 2613 sunt
2534 2558 2874 2629 accipiendi:

529 2647 833 2718 καγχάροις
867 2648 1045 2717 igitur
1079 2648 1178 2702 καὶ
1215 2652 1456 2710 σκολιοῖς
1481 2646 1554 2701 ἂν
1584 2648 1658 2709 ὡς
1684 2646 1956 2710 τοιούτοις
1976 2690 1989 2705 .
2012 2692 2023 2703 .
2052 2647 2333 2717 πεφυκόσι
2360 2648 2654 2718 χρώμενος,
2692 2647 2875 2720 ὥσπερ

529 2734 716 2806 ἰατρὸς
744 2736 1114 2808 ὀδοντάγραις
1141 2736 1238 2791 καὶ
1265 2737 1584 2807 ἀγκτῆρσιν,
1621 2735 1789 2803 ἤπιος
1816 2739 1997 2809 φαίνῃ
2029 2736 2128 2791 καὶ
2155 2735 2390 2807 μέτριος,
2420 2732 2482 2791 ἐκ
2510 2746 2620 2791 τῶν
2650 2733 2875 2809 ἐνδεχο-

527 2824 710 2896 μένων
749 2828 1002 2898 εύφρανῇ
1040 2834 1115 2898 τῇ
1153 2834 1230 2897 σῇ
1268 2824 1592 2881 διαθέσει
1638 2830 1847 2896 μᾶλλον
1894 2824 1929 2895 ἢ
1968 2826 2184 2899 λυπήσῃ
2229 2833 2352 2889 ταῖς
2397 2820 2599 2898 ἕτέρων
2646 2828 2875 2897 ἀηδίαις

527 2916 625 2970 καὶ
660 2918 1023 2987 μοχθηρίαις,
1068 2918 1133 2971 ut
1175 2919 1327 2971 recte
1375 2916 1436 2970 in
1473 2916 1553 2971 eis
1592 2932 1738 2985 quae
1778 2916 1847 2971 de
1885 2915 2001 2971 suis
2040 2916 2202 2970 addit
2237 2916 2571 2971 Plutarchus
2608 2916 2876 2971 Paccium

529 3006 861 3060 adhortatus
887 3008 1186 3075 utrumque
1214 3006 1545 3077 coniungat:
1585 3005 1615 3060 ὁ
1645 3004 1709 3061 δὲ
1746 3012 1863 3068 τοῖς
1898 3004 2291 3076 πράγμασιν
2330 3001 2587 3069 ἐθισθεὶς
2625 3006 2877 3077 ἐλαφρῶς

528 3092 1050 3165 συμπεριφέρεσθαι
1088 3096 1185 3151 καὶ
1230 3098 1486 3166 μετρίως,
1535 3095 1907 3157 εὐκολώτατος
1944 3095 2343 3165 ἀνθρώποις
2379 3095 2590 3166 ὁμιλεῖν
2626 3098 2876 3167 γίγνεται

527 3185 626 3239 καὶ
660 3184 991 3260 πρᾳότατος.
1063 3185 1259 3254 Neque
1311 3185 1460 3239 enim
1506 3201 1687 3239 sermo
1734 3184 1880 3238 alius
1928 3185 2039 3253 est,
2094 3186 2160 3238 ut
2205 3184 2298 3238 vel
2342 3201 2411 3239 ex
2456 3202 2521 3239 6ο
2568 3202 2875 3255 cognoscas

527 3274 686 3343 licet,
739 3275 890 3343 quod
937 3274 1135 3345 paucis
1181 3273 1269 3328 his
1315 3274 1572 3329 versibus
1619 3274 1931 3343 complures
1977 3273 2224 3327 insertae
2272 3274 2403 3326 sunt
2458 3272 2875 3331 similitudines.

525 3365 648 3417 Iam
681 3363 860 3433 igitur
894 3363 955 3417 in
991 3364 1112 3434 ipso
1150 3364 1305 3418 fonte
1339 3362 1634 3431 Plutarchi
1670 3364 1811 3417 haec
1848 3363 1919 3417 de
1965 3362 2169 3431 quibus
2213 3362 2403 3433 agitur
2436 3363 2610 3417 verba
2646 3363 2877 3419 aliunde

530 3455 754 3522 sumpta
800 3470 920 3508 esse
966 3452 1152 3509 verbis
1200 3450 1342 3508 ἔνιοι
1387 3458 1496 3507 τῶν
1544 3452 1869 3521 φιλοσόφων
1915 3452 2229 3507 indicatum
2274 3453 2419 3521 erat,
2476 3451 2683 3523 quippe
2729 3471 2877 3522 quae

530 3542 810 3597 artissime
865 3560 992 3597 cum
1043 3542 1404 3612 sequentibus
1461 3542 1827 3597 cohaereant:
1885 3542 2120 3596 eandem
2167 3540 2503 3595 sententiam
2548 3540 2609 3594 in
2654 3539 2771 3595 illis
2818 3542 2878 3597 in

527 3631 722 3686 libello
759 3651 819 3688 π.
848 3639 1030 3701 φυγῆς
1072 3631 1308 3687 servatis
1345 3629 1578 3686 liberius
1615 3630 1880 3686 reddidit.
1948 3630 2056 3696 Qui
2091 3630 2185 3685 hic
2223 3630 2497 3685 secundus
2542 3629 2669 3685 fons
2705 3631 2879 3686 fuerit

526 3738 629 3791 pro
694 3721 845 3775 certo
908 3737 1057 3774 nunc
1118 3736 1232 3775 non
1288 3720 1498 3789 dicam,
1555 3720 1616 3774 id
1673 3721 1898 3774 tantum
1954 3719 2243 3787 adnotem,
2300 3718 2441 3773 haec
2496 3721 2555 3775 et
2608 3737 2678 3775 ea
2732 3738 2877 3789 quae

530 3812 837 3878 sequuntur
870 3810 1046 3864 verba
1083 3809 1112 3864 ὁ
1151 3809 1214 3864 δὲ
1253 3808 1440 3879 μεῖζόν
1479 3804 1626 3864 ἐστιν
1667 3806 1791 3864 οὐδ’
1835 3809 2020 3863 αὐτῶν
2058 3808 2494 3879 ἁμαρτανόντων
2530 3809 2629 3863 καὶ
2665 3810 2874 3864 διακει-

529 3896 712 3968 μένων
750 3898 977 3968 φαύλως
1003 3898 1065 3952 τὸ
1093 3892 1240 3967 ἦθος
1277 3896 1732 3968 αἰσθανομένους
1769 3899 2018 3968 ἀθυμεῖν
2046 3897 2144 3952 καὶ
2181 3900 2488 3968 δυσφορεῖν
2518 3892 2697 3965 ἐῶσιν,
2734 3896 2875 3950 ἀλλὰ

527 3986 873 4058 θεραπεύειν
911 3986 1049 4043 ἄνευ
1087 3987 1263 4057 λύπης
1297 3988 1400 4058 τὴν
1437 3989 1646 4042 κακίαν
1683 3988 1851 4057 plane
1900 4005 2028 4043 cum
2076 3990 2405 4059 argumento
2444 3988 2566 4044 Sen.
2608 3987 2674 4040 de
2712 3984 2870 4039 clem.

527 4078 596 4147 II,
635 4082 799 4148 5sqq.
839 4076 1168 4148 consentire,
1209 4078 1360 4147 quod
1397 4076 1578 4132 Zeller
1615 4078 1731 4147 (III,
1763 4084 1791 4131 1
1821 4096 1877 4148 p.
1907 4079 2036 4149 289)
2076 4078 2155 4133 sic
2198 4077 2492 4133 describit:
2536 4075 2670 4145 „der
2702 4072 2872 4127 weise

527 4167 713 4221 werde
743 4166 934 4237 jedem
970 4166 1404 4237 ungliicklichen
1441 4185 1518 4220 zu
1555 4166 1729 4221 hilfe
1766 4166 2097 4236 kommen,
2146 4168 2282 4222 aber
2327 4184 2386 4221 er
2419 4164 2602 4221 werde
2640 4162 2875 4217 seinen

532 4254 757 4309 affekt
791 4255 986 4310 nicht
1020 4255 1262 4325 teilen,
1301 4256 1400 4310 ihn
1435 4255 1595 4310 nicht
1630 4254 1979 4325 bejammern
2014 4257 2131 4311 und
2167 4255 2559 4324 bemitleiden3
2598 4270 2656 4309 er
2689 4252 2875 4307 werde

528 4342 722 4398 nicht
793 4344 1157 4400 nachsicht
1217 4346 1418 4416 fiben,
1493 4346 1631 4401 aber
1694 4362 1754 4400 er
1805 4346 1993 4401 werde
2056 4345 2339 4400 schonend
2392 4345 2682 4400 beraten
2744 4343 2880 4397 und

528 4434 863 4487 bessern.“
935 4434 1195 4489 Fortasse
1232 4434 1406 4489 etiam
1443 4451 1588 4504 quae
1624 4436 1778 4505 apud
1812 4435 2081 4491 Senecam
2118 4433 2275 4489 extat
2312 4432 2527 4487 arboris
2567 4433 2879 4489 similitudo

531 4522 605 4575 ad
640 4520 788 4576 hunc
823 4522 1036 4577 fontem
1071 4522 1234 4578 redit.
