3309 5167
1381 338 1809 413 .—63--

425 508 466 575 l.
507 534 554 575 c.
602 508 970 595 descripsit,
1025 506 1406 593 praesertim
1463 507 1773 592 respectis
1821 506 1913 571 eis
1970 528 2133 593 quae
2178 530 2311 572 non
2356 507 2657 573 similiter
2701 506 2770 571 in

426 617 558 683 illis
587 640 652 683 π.
677 617 1004 701 εὐθυμίας
1032 614 1352 699 leguntur,
1381 617 1497 679 aut
1522 612 1592 679 in
1620 614 2275 679 commentatiuncula
2300 614 2414 679 illa
2440 637 2506 681 π.
2536 614 2771 701 ἀρετῆς

423 722 536 791 καὶ
581 729 812 801 κακίας
859 721 964 811 (cf.
1001 720 1246 786 Heinze
1293 722 1335 785 1.
1373 726 1452 806 c.)
1501 722 1681 786 velut
1725 711 1855 786 his:

512 855 577 898 π.
625 856 804 917 φυγ.
852 852 900 895 c.
942 831 982 895 2
1027 852 1087 913 p.
1137 827 1346 893 599D
1413 878 1462 893 ..
1498 827 1539 912 ἡ

425 936 500 1004 δὲ
537 939 714 1024 ψυχὴ
751 949 918 1015 τοῖς
952 934 1346 1022 πράγμασι
1383 941 1542 1002 πολ-

423 1046 610 1123 λάκις
636 1046 712 1111 τὸ
732 1044 936 1131 βάρος
965 1042 1030 1122 ἐξ
1053 1040 1289 1126 ἑαυτῆς
1305 1058 1540 1130 προσ-

421 1156 767 1235 τίθησιν.
806 1200 822 1216 .
852 1200 866 1215 .

425 1260 645 1344 φυγὰς
672 1255 748 1324 δὲ
772 1255 883 1323 καὶ
909 1256 1178 1337 ἀδοξίας
1203 1255 1313 1323 καὶ
1331 1266 1544 1342 τιμῶν

423 1364 786 1451 ἀποβολάς,
835 1366 1054 1452 ὥσπερ
1097 1360 1184 1431 αὖ
1224 1364 1544 1431 τάναντία

417 1473 796 1558 στεφάνους
821 1470 931 1538 καὶ
963 1472 1168 1559 ἀρχὰς
1201 1468 1310 1538 καὶ
1349 1493 1544 1558 προε-

423 1581 615 1666 δρίας
659 1630 674 1645 .
705 1630 721 1645 .
759 1580 1032 1657 ἕκαστος
1073 1577 1282 1668 ἑαυτῷ
1320 1588 1544 1664 κοῦφα

421 1686 532 1753 καὶ
600 1685 808 1774 βαρέα
870 1684 981 1752 καὶ
1047 1684 1247 1774 ῥᾴδια
1309 1684 1542 1773 φέρειν

420 1806 602 1859 ποιεῖ
641 1792 752 1861 καὶ
797 1794 1212 1861 τούναντίον.

1738 850 1804 894 π.
1832 827 2031 914 ἀρετ.
2058 853 2115 894 κ.
2135 852 2295 895 κακ.
2325 852 2373 894 c.
2401 832 2453 895 1.
2474 853 2533 914 p.
2560 827 2767 894 1-000.

1650 936 1687 1001 ὁ
1716 936 2075 1022 ἄνθρωπος
2109 948 2279 1013 τοῖς
2314 934 2491 1023 περὶ
2530 937 2771 1002 αὑτὸν

1648 1043 2100 1129 πράγμασιν
2131 1042 2385 1127 ἡδονὴν
2417 1042 2529 1109 καὶ
2574 1044 2771 1129 χάριν

1651 1148 1724 1215 ἐκ
1766 1158 1982 1234 πηγῆς
2025 1159 2145 1215 τοῦ
2188 1150 2407 1233 ἤθους
2450 1154 2772 1240 προστί-

1651 1264 1753 1340 θη
1772 1274 1917 1323 σιν.
2569 1286 2573 1289 ·

1654 1412 1669 1429 .
1701 1413 1717 1429 .
1750 1362 1861 1429 καὶ
1898 1369 2183 1443 πλοῦτος
2218 1364 2429 1448 ἡδίων
2464 1362 2576 1430 καὶ
2612 1363 2770 1442 δόξα

1652 1469 2072 1559 λαμπροτέρα
2100 1470 2204 1537 καὶ
2244 1473 2546 1557 δύναμις,
2576 1470 2661 1537 ἂν
2691 1474 2767 1537 τὸ

1653 1578 1782 1645 ἀπὸ
1801 1588 1920 1663 τῆς
1946 1588 2163 1664 ψυχῆς
2192 1582 2305 1664 ἔχῃ
2332 1576 2573 1664 γῆθος·
2604 1580 2773 1645 ὅπου

1651 1684 1764 1751 καὶ
1791 1689 2031 1752 πενίαν
2045 1684 2158 1753 καὶ
2186 1686 2414 1770 φυγὴν
2432 1685 2543 1752 καὶ
2567 1696 2775 1772 γῆρας

1653 1792 1961 1881 ἐλαφρῶς
2018 1791 2132 1860 καὶ
2190 1804 2545 1879 προσηνῶς
2606 1796 2773 1880 πρὸς

1651 1899 1964 1967 εὐκολίαν
2000 1898 2110 1967 καὶ
2152 1904 2487 1988 πραότητα
2522 1903 2774 1986 τρόπου

1654 2006 2001 2093 φέρουσιν.

599 2115 776 2191 Quae
814 2115 1111 2180 similiter
1139 2115 1410 2179 redeunt
1437 2112 1507 2179 in
1532 2113 1722 2180 Dion.
1746 2112 2080 2200 Chrysost.
2112 2137 2201 2180 or.
2232 2114 2393 2180 XIII
2412 2113 2500 2203 (p.
2522 2112 2772 2203 419R)‚

422 2212 491 2287 in
536 2243 666 2307 qua
710 2222 787 2285 de
835 2222 1027 2287 exilio
1075 2244 1192 2287 suo
1232 2219 1517 2315 disserit:
1566 2222 1653 2305 μὴ
1701 2223 1830 2311 ἄρα
1873 2219 1984 2287 καὶ
2030 2224 2113 2288 τὸ
2160 2224 2488 2308 φεύγειν
2532 2220 2641 2287 καὶ
2688 2225 2771 2288 τὸ

421 2328 805 2395 πένεσθαι
858 2328 969 2395 καὶ
1024 2328 1326 2417 γῆραςῑ)
1374 2328 1456 2412 δὴ
1509 2326 1620 2393 καὶ
1676 2331 1876 2407 νόσος
1929 2327 2041 2394 καὶ
2098 2330 2313 2395 πάντα
2366 2332 2447 2396 τὰ
2499 2340 2774 2396 τοιαῦτα

420 2450 562 2514 τοῖς
624 2434 746 2522 μὲν
809 2435 1016 2524 βαρέα
1088 2450 1394 2522 φανεῖται
1466 2435 1576 2501 καὶ
1647 2437 1930 2522 χαλεπά,
2000 2450 2142 2515 τοῖς
2216 2435 2277 2503 δ’
2347 2438 2601 2525 ἐλαφρὰ
2663 2436 2771 2502 καὶ

423 2523 689 2611 εὔκολα·
765 2544 902 2610 ἐκεῖ
971 2544 1372 2630 (explanavit
1435 2544 1825 2610 sententiam
1890 2543 2311 2610 similitudine
2377 2545 2506 2609 alia
2578 2549 2773 2629 atque

421 2649 836 2736 Plutarchus,
900 2655 1120 2716 tamen
1171 2651 1346 2716 haud
1400 2650 1494 2716 ita
1547 2651 1829 2716 multum
1884 2649 2165 2739 diversa)
2219 2648 2343 2736 μὲν
2400 2658 2557 2730 ἴσως
2609 2654 2773 2717 κατὰ

425 2758 548 2839 τὴν
600 2766 720 2823 τοῦ
763 2758 1144 2843 πράγματος
1198 2758 1532 2843 διαφορὰν
1587 2757 2081 2843 ἐλαφρύνοντος
2132 2768 2251 2824 τοῦ
2298 2760 2651 2843 δαιμονίου
2697 2762 2771 2825 τὸ

427 2864 659 2950 βάρος,
714 2863 1006 2930 ἐνταῦθα
1053 2862 1128 2929 δὲ
1172 2859 1354 2949 οἶμαι
1397 2866 1564 2951 πρὸς
1607 2865 1731 2947 τὴν
1774 2874 1895 2930 τοῦ
1944 2864 2291 2950 χρωμένου
2337 2867 2627 2951 δύναμιν
2661 2864 2771 2931 καὶ

425 2972 715 3055 γνώμην.

600 3078 682 3143 In
717 3077 1140 3143 similitudine
1175 3077 1562 3142 Plutarchea
1599 3078 1771 3163 quod
1806 3091 1948 3156 τοῖς
1983 3080 2318 3166 πράγμασι
2357 3085 2772 3164 opponuntur

425 3184 460 3251 ὁ
509 3190 705 3263 λίθος
749 3188 984 3271 φύσει
1031 3187 1340 3272 σκληρὸς,
1386 3185 1422 3250 ὁ
1467 3187 1875 3270 κρύσταλλος
1920 3188 2153 3271 φύσει
2206 3190 2461 3273 ψυχρός
2502 3226 2577 3234 -
2620 3188 2771 3252 sub-

426 3298 780 3377 sequantur
832 3292 985 3357 licet
1038 3315 1244 3377 pauca
1290 3292 1366 3355 de
1418 3292 1691 3378 singulis
1748 3294 2134 3378 quibusdam
2180 3291 2517 3379 utriusque
2566 3294 2771 3359 libelli

429 3400 902 3466 communibus.
929 3438 1015 3447 —-
1071 3400 1140 3463 in
1203 3398 1578 3464 memoriam
1650 3401 1840 3465 nobis
1909 3406 2169 3468 revocat
2240 3424 2403 3487 quae
2467 3402 2773 3487 leguntur

427 3527 492 3570 π.
523 3506 758 3592 εὐθυμ.
797 3530 845 3573 c.
881 3510 957 3573 17
997 3531 1056 3593 p.
1087 3508 1246 3572 475:
1291 3510 1592 3573 καθόλου
1639 3506 1701 3571 δ’
1744 3506 1883 3574 ἐπεὶ
1928 3520 2063 3575 τῶν
2108 3509 2497 3595 ἀβουλήτων
2532 3514 2612 3575 τὰ
2649 3508 2772 3596 μὲν

429 3613 661 3693 φύσει
706 3615 781 3678 τὸ
828 3618 1085 3678 λυποῦν
1138 3611 1248 3678 καὶ
1304 3616 1602 3701 βαρῦνον
1648 3611 1977 3699 ἐπιφέρει,
2021 3616 2101 3679 τὰ
2147 3612 2223 3680 δὲ
2266 3623 2539 3683 πλεῖστα
2587 3617 2770 3703 δόξῃ

431 3720 890 3805 δυσχεραίνειν
953 3718 1311 3804 ἐθιζόμεθα
1364 3718 1474 3786 καὶ
1530 3722 1995 3807 μανθάνομεν,
2058 3745 2221 3807 quae
2276 3724 2403 3788 iam
2451 3725 2579 3790 alio
2626 3724 2769 3789 loco

428 3824 783 3889 attulimus.
857 3824 1031 3901 Quae
1083 3827 1266 3892 notio
1321 3828 1479 3892 item
1533 3827 1862 3894 invenitur
1906 3850 1971 3894 π.
2010 3840 2232 3914 φυγῆς
2277 3853 2325 3895 c.
2364 3831 2407 3897 5
2444 3855 2501 3915 p.
2543 3831 2769 3897 600E:

572 4039 626 4107 1)
653 4036 810 4090 Haec
836 4036 1011 4106 igitur
1036 4036 1148 4091 tria
1182 4036 1243 4097 in
1270 4040 1549 4093 communi
1576 4040 1733 4094 fonte
1770 4039 2099 4109 extiterunt3
2137 4039 2198 4093 in
2225 4040 2347 4094 loco
2375 4060 2433 4095 π.
2466 4060 2595 4110 φυγ.
2624 4042 2769 4097 talia

423 4144 526 4197 pro
564 4126 645 4180 eis
683 4125 934 4195 reposuit
969 4124 1320 4197 PlutarchUS,
1358 4146 1501 4197 quae
1541 4130 1615 4183 ad
1651 4129 1754 4198 τὴν
1793 4128 1981 4199 φυγήν
2016 4130 2376 4198 pertinerent.
2408 4160 2474 4168 —-
2509 4128 2767 4183 Ceterum

425 4215 614 4269 nescio
661 4232 735 4269 an
781 4214 912 4269 huic
958 4214 1238 4269 Aristonis
1284 4216 1407 4271 loco
1450 4218 1791 4287 respondeat
1834 4217 2028 4271 Bionis
2074 4218 2174 4271 ille
2221 4235 2257 4271 a
2294 4217 2486 4272 Telete
2524 4220 2613 4288 (pj
2632 4224 2681 4288 9,
2713 4223 2766 4289 7)

429 4307 712 4366 servatus:
776 4306 1092 4374 (enarratur
1145 4304 1300 4359 urbis
1357 4306 1668 4361 similitudo
1726 4308 2083 4376 sumptuosae
2139 4307 2305 4361 simul
2360 4308 2419 4360 et
2472 4306 2766 4377 simplicis)

429 4392 570 4447 οὕτω
615 4392 714 4448 καὶ
757 4393 828 4449 τὰ
862 4395 1164 4464 πράγματα
1211 4390 1313 4449 ἐὰν
1360 4394 1462 4465 μέν
1511 4394 1678 4468 (nc)
1723 4396 1919 4459 ,αὐτοῖς
1972 4395 2115 4451 οὕτω
2167 4403 2367 4467 χρῆται
2414 4397 2619 4466 εὐπετῆ
2670 4397 2769 4453 καὶ

431 4478 601 4555 ῥᾴδια
639 4490 920 4552 φανεῖται,
959 4480 1061 4539 ἐὰν
1099 4481 1162 4538 δὲ
1203 4482 1377 4547 οὕτως
1413 4487 1670 4555 δυσχερῆ.
