3309 5167
1327 316 1813 383 -125-

503 456 781 542 quomodo
832 474 1027 527 utatur
1072 478 1120 527 6.
1162 477 1228 525 13
1283 474 1492 527 verba
1543 490 1573 527 e
1623 473 1797 526 verbo
1847 475 1907 526 et
1956 472 2174 528 duabus
2224 475 2735 545 praeposifionibus

500 562 814 632 composita
853 567 921 616 18
950 562 1078 617 adn.

393 652 534 705 terr
546 667 648 704 am
692 653 966 719 tanquam
1003 650 1232 705 exilium
1270 651 1443 705 animi
1481 667 1602 706 esse
1641 657 1711 705 98
1749 682 1815 691 ——
1855 653 2038 705 terrae
2075 651 2358 720 parvitate
2396 656 2460 707 ut
2497 655 2737 709 doceant

500 739 694 809 Cynici
731 741 965 793 ufiuntur
1000 745 1070 794 45

393 828 894 884 Themistocles
931 828 1108 883 exulis
1148 829 1462 898 exemplum
1499 833 1550 883 ὃ.
1590 835 1654 883 81

393 918 736 973 Theodori
771 917 1225 973 narratiunculae
1262 924 1330 972 40
1351 936 1431 986 sq.
1734 977 1748 986 ,

395 1007 858 1062 Thrasonides
897 1004 1258 1077 Μισουμὲνου
1294 1007 1591 1062 Menandri
1629 1013 1730 1062 113

395 1096 660 1151 Tiberii
697 1096 1012 1166 exemplum
1049 1104 1117 1153 86

390 1184 847 1240 timendorum
880 1186 992 1241 tria
1028 1202 1238 1257 genera
1273 1192 1342 1241 74

390 1276 799 1346 tragoediae
834 1275 981 1330 ratio
1019 1275 1204 1344 qualis
1241 1276 1577 1346 philosopho
1615 1293 1737 1331 esse
1772 1276 2035 1331 videatur
2070 1284 2138 1333 87
2170 1278 2297 1333 adn.

390 1368 756 1434 tyrannum
790 1364 938 1420 inter
974 1367 1144 1434 atque
1179 1363 1362 1419 virum
1397 1366 1607 1419 bonum
1644 1365 1985 1435 colloquium
2024 1373 2091 1422 ’15

389 1456 625 1510 Ulixes
663 1455 841 1511 exulis
879 1454 1194 1524 exemplum
1229 1460 1294 1509 81

391 1545 554 1600 Uria
590 1542 800 1615 (Οὐρία
835 1544 929 1599 vel
953 1541 1133 1613 Ὑρία)
1171 1542 1441 1598 Boeossiae
1477 1543 1747 1613 oppidum
1784 1548 1853 1599 86

391 1634 788 1689 valetudini
843 1632 1090 1704 corporis
1145 1650 1258 1687 non
1312 1634 1475 1688 obest
1530 1634 1628 1687 sed
1682 1633 1915 1703 prodest
1967 1630 2197 1687 exilium
2250 1638 2321 1687 90
2382 1650 2510 1687 cum
2564 1633 2737 1688 etiam

497 1724 754 1779 nolentes
791 1726 962 1794 cogat
997 1727 1066 1778 90

392 1813 824 1869 Varroniana
860 1830 1006 1883 quae
1043 1813 1196 1882 apud
1233 1813 1502 1868 Senecam
1539 1816 1833 1869 servanizur
1868 1820 1934 1868 47

389 1903 572 1959 vitia
606 1903 880 1959 virhubum
915 1902 1236 1958 nominibus
1275 1904 1542 1957 ornantur
1578 1908 1644 1957 ’19
1682 1904 1687 1909 “

391 1994 889 2065 Xenophontea
926 1994 1078 2063 apud
1114 1993 1366 2047 Teletem
1403 1997 1626 2049 servata
1666 1998 1749 2049 18.
1789 1998 1857 2049 36
1886 1994 2014 2050 adn.

391 2084 740 2154 ὑγιαίνειν
777 2083 893 2138 καὶ
930 2082 1196 2154 ἰσχύειν
1233 2087 1302 2136 90
1332 2083 1459 2138 adn.

383 2170 521 2242 εῬρί
531 2194 568 2227 α
605 2191 777 2243 quam
811 2174 1091 2227 finxerunfi
1126 2171 1314 2227 insula
1350 2177 1418 2225 86
1457 2202 1525 2211 -
1562 2171 1830 2226 Boeotiae
1868 2171 2155 2247 oppidum⁵
2173 2172 2242 2227 cf.
2272 2190 2315 2227 s,
2344 2170 2481 2225 Uria

395 2262 683 2317 Zenonis
720 2261 874 2332 prior
908 2262 1182 2317 virtutum
1220 2259 1475 2315 definitio
1515 2267 1618 2315 104
1639 2280 1721 2330 sq.
1762 2294 1826 2302 —
1866 2263 1937 2315 de
1972 2263 2204 2335 παιδείᾳ
2244 2261 2454 2315 dicisum
2497 2266 2563 2314 14
