3309 5167
1395 334 1923 420 '-32-

717 514 1020 581 Ceterum
1063 536 1196 579 non
1239 514 1450 580 Teleti
1494 514 1622 599 ipsi
1668 519 1926 580 tantum
1970 514 2256 580 tribuam
2300 515 2547 601 ingenii
2594 538 2879 600 acumen,

543 628 614 687 ut
659 622 798 709 ipse
835 620 1256 708 indagaverit
1279 619 1594 705 Stilponis
1630 621 1956 707 dialogos:
2002 621 2222 707 potius
2260 622 2541 688 arbitror
2577 645 2725 687 eum
2759 622 2883 687 hac

537 752 794 815 quoque
849 730 920 795 in
972 753 1042 794 re
1097 728 1369 795 Bionem
1426 732 1722 797 secutum
1775 751 1941 814 esse,
2008 729 2120 814 qui
2175 729 2470 795 consulto
2523 730 2595 794 in
2647 752 2883 795 sermo-

536 837 730 904 nibus
767 836 918 923 περὶ
947 836 1276 915 ἀπαθείας
1303 841 1369 904 et
1394 834 1545 923 περὶ
1583 846 1703 902 τοῦ
1742 838 1966 903 δοκεῖν
1992 834 2102 902 καὶ
2139 846 2258 902 τοῦ
2287 832 2458 903 εἶναι
2484 836 2883 921 Megaricum

538 944 701 1009 adiit
746 949 812 1009 et
847 944 914 1008 in
953 966 1246 1010 sermone
1284 966 1350 1009 π.
1380 952 1600 1029 φυγῆς
1638 942 2027 1028 Stilponem,
2076 942 2313 1028 quippe
2342 942 2454 1028 qui
2489 942 2629 1028 ipse
2666 967 2883 1028 quam-

537 1051 636 1117 vis
682 1074 816 1117 non
861 1074 896 1115 e
941 1053 1156 1136 patria
1201 1051 1469 1137 eiectus,
1515 1055 1736 1115 tamen
1778 1050 1992 1135 patria
2038 1050 2304 1116 erbatus
2350 1050 2563 1115 fuerit.

1519 1406 1771 1495 Caput
1814 1410 1900 1475 H.

788 1564 888 1620 'De
933 1562 1285 1620 Plutarchi
1330 1566 1400 1619 et
1443 1562 1738 1619 Musunii
1782 1562 2261 1619 communibus
2306 1562 2632 1620 fontibus.

714 1694 879 1762 Cum
909 1696 1114 1781 igitur
1149 1695 1389 1761 Teletis
1433 1717 1795 1761 sermonem
1830 1717 1897 1761 π.
1925 1704 2147 1781 φυγῆς
2182 1695 2341 1762 satis
2380 1696 2880 1780 exhauserimuS,

534 1802 665 1868 iam
689 1797 790 1851 ’-
824 1807 900 1868 ut
944 1802 1354 1889 propositum
1397 1802 1586 1868 nobis
1639 1807 1779 1867 erat
1818 1840 1903 1855 ι·-
1946 1803 2036 1867 ad
2081 1803 2551 1888 posterioris
2599 1802 2879 1868 aetatis

535 1910 960 1993 scriptores
1000 1914 1423 1996 transeamus,
1461 1914 1657 1995 atque
1692 1909 1975 1993 primum
2003 1909 2263 1995 quidem
2290 1910 2373 1974 ad
2410 1933 2516 1975 eas
2546 1907 2881 1975 Musonii

535 2021 610 2081 et
645 2015 1054 2081 Plutarchi
1098 2022 1334 2102 partes,
1381 2016 1618 2103 quibus
1666 2016 2161 2082 similitudinem
2199 2018 2531 2102 quandam'
2558 2040 2698 2083 esse
2736 2039 2881 2081 cum

535 2123 760 2189 Bionis
813 2145 880 2189 π.
915 2132 1131 2209 ταφῆς
1187 2123 1725 2190 commentatione
1771 2124 1911 2210 ina,
1968 2147 2131 2210 quae
2176 2124 2247 2191 in
2290 2126 2417 2190 fine
2462 2123 2708 2190 Teletei
2754 2146 2880 2188 ser-

534 2230 744 2295 monis
791 2234 994 2317 extat,
1041 2254 1239 2316 supra
1283 2230 1603 2298 adnotavi.
2450 2215 2460 2224 ’

710 2337 758 2403 Ι.
809 2336 1270 2423 Comparemus
1324 2338 1528 2424 igitur
1581 2338 1753 2403 inter
1810 2361 1877 2403 se
1934 2340 2274 2424 utriusque
2327 2340 2571 2426 locum,
2628 2360 2755 2424 quo
2803 2338 2879 2402 de

540 2447 874 2533 παρρησίᾳ
907 2445 1125 2531 agitur
1163 2445 1469 2512 subiectis
1507 2444 1639 2511 illis
1677 2444 2011 2530 Euripidis
2048 2444 2551 2512 Phoenissamm
2586 2446 2880 2513 versibus

536 2549 697 2639 (388
727 2549 898 2639 sqq.)
909 2603 926 2637 ‚
983 2552 1218 2637 quibus
1263 2550 1604 2637 Polynices
1662 2556 1729 2617 et
1772 2552 2024 2617 Iocaste
2080 2552 2157 2617 de
2204 2553 2397 2618 exilio
2444 2552 2883 2637 colloquntur:

623 2676 862 2741 Plut.e.
885 2678 981 2741 16.
1030 2674 1171 2743 ἀλλ’
1202 2674 1342 2743 ἐπεὶ
1370 2680 1683 2754 πολλοὺς,
1854 2677 2183 2763 Musonp.
2209 2680 2309 2764 73,
2334 2680 2435 2743 19.
2481 2675 2697 2761 νὴ-Δί’
2730 2674 2873 2743 ἀλλ’
2988 2742 2991 2746 ,

533 2786 614 2849 τὰ
659 2793 779 2850 τοῦ
821 2784 1197 2870 Εὐριπίδου
1241 2796 1418 2849 κινεῖ
1456 2785 1658 2849 δυνα-
1767 2784 2138 2870 Εὐριπίδης
2208 2782 2417 2869 φησὶν
2498 2783 2883 2870 ἐλευθερίας

535 2901 663 2968 τῶς
752 2899 869 2976 τῆς
958 2898 1178 2976 φυγῆς
1265 2903 1659 2978 κατηγορεῖν
1766 2889 2119 2977 στέρεσθαι
2159 2894 2316 2969 τοὺς
2361 2892 2696 2976 φυγάδας,
2742 2889 2881 2957 ἐπεὶ

535 3000 914 3080 δοκοῦντος,
946 2999 1192 3083 ἴδωμεν
1220 2996 1261 3063 ἃ
1289 2996 1466 3080 λέγει
1493 2996 1650 3064 καθ’
1765 2995 1875 3063 καὶ
1938 3001 2325 3085 παρρησίας.
2382 3002 2696 3082 πεποίηκε
2752 2999 2877 3083 γὰρ

535 3104 814 3171 ἕκαστον
859 3103 1123 3191 ἐρωτῶν
1158 3102 1269 3169 καὶ
1307 3104 1660 3191 ἄποκρινό-
1765 3104 1887 3188 τὴν
1932 3102 2055 3189 μὲν
2086 3103 2420 3188 Ἰοκάστην
2457 3101 2879 3188 πυνθανομέ-

537 3232 760 3295 μενος·
1765 3234 1892 3297 νην
1940 3215 2395 3288 Πολυνείκους
2439 3221 2561 3277 τοῦ
2606 3209 2834 3295 υἱέως,

625 3320 742 3381 ΙΟ.
799 3321 884 3384 Τί
913 3321 988 3385 τὸ
1036 3314 1388 3405 στέρεσθαι
1427 3322 1659 3406 πατρί-
2856 3336 2861 3339 “

537 3425 681 3502 δοςς
725 3418 768 3507 ἦ
814 3426 1018 3491 κακὸν
1064 3424 1259 3510 μέγα;

626 3534 774 3595 ΠΟ.
811 3530 1180 3614 Μέγιστον·
1219 3534 1390 3623 ἔργῳ
1419 3530 1482 3596 δ’
1518 3530 1657 3598 ἐστὶ

537 3640 760 3722 μεῖζον
806 3637 846 3721 ἢ
893 3640 1088 3728 λόγῳ.

625 3747 743 3810 Io,
798 3748 913 3823 Τίς
957 3746 994 3811 ὁ
1030 3746 1275 3831 τρόπος
1311 3746 1546 3826 αὐτοῦς
1590 3749 1663 3811 τί
1821 3748 2002 3835 ,τίνα
2041 3747 2327 3832 δυσχερῆ
2342 3742 2393 3834 1)
2428 3755 2521 3836 τῷ
2560 3732 2887 3832 φεύγοντί

536 3849 788 3936 φυγάσι
831 3853 907 3917 τὸ
955 3851 1300 3938 shown-<533
1758 3851 1969 3949 saw·
2016 3852 2052 3919 ὃ
2101 3850 2163 3919 δ’
2214 3851 2637 3940 ἀποκρίνεται
2688 3856 2791 3919 ὅτι

626 3962 774 4023 ΠΟ.
807 3955 925 4024 Ἓν
969 3955 1092 4044 μὲν
1137 3956 1476 4044 μέγιστον·
1533 3958 1654 4023 οὐκ
1760 3959 1836 4025 ἓν
1881 3956 2005 4044 μὲν
2049 3985 2113 4045 μ.
2151 3984 2207 4026 ο.
2246 3963 2294 4025 ἔ.
2329 3982 2395 4026 π.

537 4066 668 4148 ἔχει
712 4069 1103 4152 παρρησίαν.
1761 4065 1802 4149 ἣ
1850 4064 1909 4131 δ’
1966 4062 2051 4133 αὖ
2096 4068 2263 4154 πρὸς
2308 4068 2541 4132 αὐτὸν·

627 4174 744 4236 ΙΟ.
797 4172 1072 4238 Δούλου
1116 4170 1256 4238 τόδ’
1301 4168 1518 4257 εἶπας,
1561 4172 1652 4258 μὴ
1763 4174 2011 4239 δούλου
2055 4172 2194 4240 τόδ’
2246 4168 2431 4249 εἶπας
2475 4198 2539 4257 μ.
2565 4177 2624 4238 λ.
2652 4175 2695 4239 δέ
2721 4196 2776 4237 τ.
2805 4198 2876 4258 φ.

537 4275 756 4360 λέγειν
801 4280 844 4345 δι’
886 4303 988 4357 τις
1031 4290 1288 4367 φρονεῖ.

686 4490 738 4559 1)
775 4490 1036 4561 δυσχερές
1070 4491 1132 4545 in
1167 4491 1356 4562 Eurip.
1395 4491 1620 4563 legitur.
