3309 5167
1412 455 1485 461 m
1584 416 1841 484 55*

453 581 548 645 'me
592 582 694 645 tuo
736 580 984 646 nomine
1025 578 1302 662 appellas
1313 629 1330 662 ,
1383 598 1524 644 cum
1575 598 1784 644 omnes
1838 599 1969 644 meo
2022 578 2287 644 discessu
2338 580 2617 645 exet-lasse
2669 566 2815 646 rcm'

441 688 757 771 publicam
780 686 1068 771 putent?,
1105 689 1180 750 ut
1207 706 1402 770 supra
1427 684 1708 751 vidimus
1738 708 1885 751 eum
1912 685 1982 750 in
2010 687 2235 751 eodem
2261 684 2556 752 hocloco
2584 684 2653 774 (ξ
2682 685 2798 775 29)

455 793 768 879 Stilponis
825 792 990 858 illud
1034 792 1280 857 dictum
1325 791 1657 857 imitatum
1712 815 1867 858 esse.
1957 792 2124 857 Item
2178 792 2421 857 Brutus
2477 793 2547 857 in
2608 792 2798 880 libre,

453 925 645 987 quem
701 902 778 966 de
842 901 1086 967 virtute
1141 899 1638 986 conscripserat,
1696 902 1773 965 de
1826 900 2133 965 Marcello
2190 899 2441 965 dixerat
2488 898 2661 989 (Sen.
2718 903 2799 967 ad

451 1010 636 1074 Helv.
677 1030 726 1073 c.
765 1010 826 1094 9,
863 1005 955 1097 4),
999 1009 1202 1075 visum
1255 1008 1375 1074 sibi
1427 1028 1492 1075 se
1530 1009 1734 1093 mayis
1790 1010 1862 1074 in
1906 1009 2161 1075 exilium
2206 1010 2312 1092 ire,
2361 1010 2471 1091 qui
2512 1011 2645 1074 sine
2689 1010 2797 1075 illo

451 1116 764 1181 rediturus
807 1120 978 1200 esset,
1023 1136 1212 1199 quam
1255 1116 1438 1181 illum
1483 1116 1553 1181 in
1597 1117 1782 1182 emilie
1818 1116 2104 1199 relinqm‘,
2150 1118 2344 1200 atque
2383 1114 2623 1181 Seneca
2659 1116 2796 1201 ipse

451 1222 730 1287 Brutum
766 1221 1060 1287 imitatur
1087 1222 1156 1312 (g
1195 1220 1294 1311 6):
1338 1228 1412 1289 ut
1453 1242 1660 1289 omnes
1708 1224 1817 1290 illo
1860 1224 1961 1289 die
2004 1222 2201 1288 Bruti
2244 1222 2462 1288 habere
2514 1223 2797 1291 animum

451 1332 803 1398 viderentur
855 1336 912 1397 ct
953 1352 1080 1397 non
1131 1352 1253 1416 pro
1300 1330 1601 1397 Marcello
1658 1331 1765 1398 sed
1800 1350 1924 1413 pro
1967 1350 2031 1397 se
2074 1331 2409 1413 deprecari,
2462 1348 2540 1395 ne
2592 1328 2797 1395 exules

451 1443 668 1523 essent,
720 1439 779 1505 si
819 1439 953 1505 sinc
996 1439 1104 1505 illo
1155 1440 1438 1520 fuissent.
1526 1437 1821 1524 Denique
1874 1436 2081 1523 magis
2127 1441 2395 1522 propter
2438 1435 2796 1502 novitatem

409 1633 413 1639 .
448 1544 543 1611 rei
580 1568 773 1631 quam
808 1550 1076 1631 propter
1113 1543 1502 1631 gravitatem
1539 1549 2094 1630 commemoretur,
2137 1544 2311 1630 quod
2346 1542 2473 1633 Dio
2512 1542 2796 1629 Chryso-

449 1657 698 1719 stomus
753 1653 825 1718 in
879 1676 954 1717 ea
1009 1676 1203 1738 quam
1254 1654 1330 1717 de
1378 1652 1572 1718 exilio
1621 1674 1739 1717 suo
1785 1651 2017 1717 habuit
2064 1650 2353 1717 oratione
2398 1650 2573 1716 haud
2617 1650 2797 1736 igno-

449 1760 715 1825 miniam
761 1782 900 1826 esse
946 1759 1015 1828 in
1061 1758 1254 1825 exilio
1301 1759 1516 1825 vivere
1555 1758 1816 1824 oraculo
1854 1758 2412 1825 demonstraturus
2460 1761 2577 1842 est,
2621 1756 2795 1823 haud

451 1867 546 1932 ita
588 1866 864 1933 feliciter
909 1890 1048 1933 rem
1091 1878 1340 1953 gerenS,
1388 1879 1535 1933 cum
1571 1888 1702 1931 non
1738 1864 2133 1931 intellexerit
2168 1864 2241 1929 in
2275 1886 2467 1930 versu
2506 1867 2792 1929 extremo

443 1975 737 2059 responsi
774 1974 950 2039 illius
991 1975 1072 2040 ab
1110 1973 1414 2059 Apolline
1453 1972 1694 2047 Croeso
1735 1974 2061 2059 quondam
2097 1972 2233 2037 dati
2272 1969 2592 2059 (Φεύγειν
2628 1970 2794 2056 μηδὲ

445 2080 673 2167 μένειν
736 2078 894 2167 μηδ’
959 2083 1299 2151 αἰδεῖσθαι
1361 2084 1561 2159 κακὸς
1627 2076 1830 2168 εἶναι)
1894 2082 2173 2165 φεύγειν
2233 2100 2368 2145 non
2428 2079 2793 2165 significare

439 2188 775 2274 „exulare“
819 2189 932 2255 sed
975 2188 1288 2275 „fugere“.

622 2294 787 2361 Cum
841 2296 1046 2382 igitur
1089 2296 1158 2360 in
1205 2296 1298 2361 eis
1355 2318 1639 2382 quoque,
1694 2318 1857 2381 quae
1911 2295 1990 2360 de
2036 2293 2394 2380 ignominia
2440 2317 2479 2358 a
2523 2293 2793 2361 diversis

443 2403 869 2489 scriptoribus
917 2403 1345 2489 disserantur,
1389 2403 1747 2468 sententiae
1793 2402 1974 2488 ipsae
2011 2400 2401 2493 Cynicorum
2446 2424 2586 2467 esse
2624 2401 2794 2468 vide-

329 2498 333 2502 ’
443 2516 652 2596 antur,
698 2534 904 2595 pauca
949 2511 1026 2575 de
1073 2508 1380 2596 exemplis
1428 2509 1719 2575 adiciam.
1795 2508 2011 2594 Atque
2054 2508 2137 2599 de
2184 2508 2275 2573 eis
2324 2508 2583 2594 quidem
2630 2532 2791 2594 quae

442 2618 828 2701 Plutarchus
876 2618 1086 2682 adfert
1129 2620 1388 2702 praeter
1442 2618 1567 2683 duo
1613 2616 1730 2682 illa
1778 2614 2005 2685 Cadmi
2049 2614 2497 2701 Herculisque,
2543 2639 2707 2700 quae
2755 2640 2794 2681 a

440 2724 646 2790 Bione
693 2735 842 2789 eum'
886 2724 1206 2809 accepisse
1251 2747 1450 2809 supra
1494 2723 1943 2809 cognovinmS,
1990 2722 2151 2801 certi
2197 2721 2443 2807 aliquid
2488 2721 2614 2789 dici
2658 2746 2792 2787 non

446 2835 687 2916 potest,
733 2854 940 2916 neque
987 2832 1305 2917 obloquar
1341 2831 1402 2899 ei
1441 2831 1553 2916 qui
1587 2831 1750 2895 haec
1784 2829 2017 2924 Thesei
2054 2834 2121 2895 et
2155 2829 2463 2915 Eumolpi
2500 2834 2567 2898 et
2596 2828 2791 2895 Codri

445 2937 739 3022 exemp-la
793 2961 832 3003 a
883 2937 1232 3005 Plutarcho
1298 2938 1440 3024 ipso
1507 2938 1778 3003 collecta
1840 2960 1979 3003 esse
2044 2936 2243 3023 dicat3
2308 2935 2621 3023 Cynicum
2679 2937 2789 3004 vix

443 3044 684 3111 dixeris
741 3068 906 3131 esse,
963 3045 1039 3117 de
1093 3045 1354 3130 templis
1411 3050 1476 3110 et
1531 3044 1858 3130 mysteriis
1913 3043 2178 3112 honoris
2226 3044 2590 3129 exemplum
2632 3045 2785 3129 peti.
2898 3090 2901 3093 ι

440 3152 828 3219 Extremum
873 3157 1090 3218 autem
1136 3152 1297 3217 illud
1341 3152 1668 3238 Apollinis
1716 3151 2080 3236 exemplum
2124 3152 2227 3216 vel
2272 3156 2614 3236 propterea
2656 3175 2791 3217 non-

439 3259 863 3346 principalem
924 3258 1034 3325 hic
1095 3259 1312 3324 locum
1377 3259 1667 3324 obtinere
1733 3258 2031 3344 dixerim,
2096 3258 2249 3344 quia
2312 3258 2613 3324 similiter
2676 3258 2787 3323 ille

441 3366 750 3453 Aeschyli
792 3390 1009 3432 versus
1049 3365 1300 3455 (Suppl.
1340 3365 1499 3455 220)
1538 3366 1819 3431 occurrit
1862 3370 1935 3432 de
1970 3388 2130 3433 orac.
2166 3367 2284 3448 defi
2318 3389 2377 3450 p.
2415 3367 2544 3431 417
2566 3365 2636 3450 F,
2674 3366 2787 3430 ubi

445 3474 705 3539 omnino
750 3498 904 3541 vera
947 3497 1086 3540 esse
1132 3473 1444 3559 Aeschyli
1487 3474 1687 3539 verba
1728 3477 2021 3559 negatur.

618 3580 830 3645 Aliter
875 3603 976 3655 res
1023 3604 1092 3647 se
1145 3582 1346 3647 habet
1397 3581 1468 3647 in
1513 3579 1823 3665 exemplis
1880 3580 1970 3646 eis
1979 3632 1998 3665 ,
2055 3580 2289 3665 quibus
2335 3580 2673 3645 Musonius
2720 3585 2787 3645 et

447 3686 669 3753 Cicero
689 3685 901 3776 (Tusc.
918 3688 1201 3774 disp.V1‚
1217 3690 1321 3775 36,
1339 3687 1497 3776 105)
1528 3689 1967 3755 demonstrare
1998 3691 2312 3753 conantur
2340 3688 2440 3754 ὅτι
2468 3686 2579 3753 καὶ
2606 3689 2786 3753 δίκαι

443 3792 682 3862 πολλαὶ
731 3778 1102 3873 δικάζονται
1145 3806 1360 3875 κακῶς
1403 3794 1513 3862 καὶ
1560 3796 1990 3881 ἐκβάλλονται
2035 3792 2271 3860 πολλοὶ
2318 3804 2434 3879 τῆς
2470 3796 2786 3880 πατρίδος

442 3902 686 3994 ἀδίκως
720 3899 831 3967 καὶ
871 3902 970 3967 ὅτι
1014 3904 1140 3985 ἤδη
1176 3900 1354 3981 τινὲς
1397 3905 1638 3990 ἄνδρες
1675 3900 1923 3986 ἀγαθοὶ
1960 3904 2147 3979 ὄντες
2192 3900 2608 3985 ἐξηλάθησαν
2651 3903 2781 3967 ὑπὸ

441 4021 577 4076 τῶν
621 4014 913 4075 πολιτῶν
969 4012 1162 4094 atque
1206 4009 1372 4075 hanc
1419 4012 1503 4076 ob
1555 4032 1815 4075 causam
1859 4032 1991 4076 non
2039 4032 2298 4074 necesse
2346 4032 2484 4074 esse
2533 4008 2785 4075 exulem

442 4116 608 4183 male
656 4115 878 4182 audire
916 4114 1373 4206 (κακοδοξεῖν).
1457 4118 1631 4195 Quae
1679 4118 1837 4204 quin
1874 4139 1907 4181 e
1944 4116 2124 4181 fonte
2172 4116 2419 4201 optimo
2460 4116 2782 4202 fluxerint,

443 4225 554 4310 qui
592 4224 789 4292 etiam
825 4246 904 4309 ex
930 4222 1263 4295 Heraclito
1301 4225 1442 4311 ipso
1483 4225 1802 4311 originem
1837 4224 2048 4310 ducat,
2081 4224 2263 4301 nulla
2299 4228 2398 4289 est
2435 4224 2783 4311 dubitati03

443 4355 632 4417 quem
680 4354 826 4397 cum
873 4330 1095 4399 Cicero
1145 4338 1316 4399 certe
1361 4354 1494 4398 non
1537 4330 1845 4417 inspexit,
1893 4334 2034 4396 tum
2077 4331 2147 4395 in
2191 4331 2387 4395 verba
2432 4330 2571 4396 eius
2617 4334 2781 4421 malo

443 4440 608 4505 enim
664 4439 1046 4507 Graecorum
1105 4462 1295 4524 quam
1353 4445 1572 4513 „nostra
1615 4441 1895 4524 proferre
1958 4438 2233 4524 quadrat
2295 4436 2457 4504 illud
2510 4438 2783 4505 Franco-

445 4545 760 4631 gallorum
832 4549 1249 4632 proverbium
1314 4549 1437 4631 Qui
1497 4548 1759 4613 s'eoecuse
1820 4546 2103 4613 s'accuse:
2166 4546 2475 4612 nimirum
2535 4546 2783 4612 fontem
