3309 5167
1427 374 1855 439 ...281-

650 535 749 601 Ι)0
793 536 1018 603 Bionis
1077 557 1143 601 π.
1180 543 1397 620 ταφῆς
1440 533 1983 601 commentatione
2037 533 2339 619 inspicias
2386 533 2649 603 Ηο11811
2671 558 2817 621 pro-

475 604 640 729 legg.
669 666 732 727 p.
759 642 1158 727 LXXXVII3
1204 641 1431 727 quod
1412 641 1617 726 lpsius
1658 640 1965 726 colloquii
2009 640 2181 707 inter
2214 641 2487 707 Bionem
2525 645 2591 706 et
2625 640 2816 727 Poly

471 750 683 816 nicem
727 750 1152 835 Euripideum
1201 748 1411 814 habiti
1465 748 1632 814 nihil
1687 747 1968 814 occurrit
2022 749 2192 833 apud
2238 748 2401 813 alios
2448 748 2816 833 scriptores,

475 859 587 943 qui
641 859 719 923 de
775 858 968 923 exilio
1025 861 1322 943 egerunt,
1378 856 1471 921 ita
1522 856 1973 941 explicandum
2018 878 2156 921 esse
2202 856 2483 941 videtur,
2540 860 2615 920 ut
2658 855 2819 920 haec

357 960 362 966 ’
472 987 538 1030 π.
571 974 786 1050 ταφῆς
841 963 1296 1053 commentatio
1351 986 1482 1029 non
1537 964 1617 1027 ad
1673 986 1811 1028 rem
1862 962 2074 1047 ipsam
2127 962 2451 1048 pertineat
2462 960 2545 1047 1):
2598 985 2818 1047 quam-

476 1095 670 1158 quam
727 1072 864 1137 eius
919 1070 1250 1137 simillima
1295 1074 1395 1135 est
1441 1092 1604 1155 quae
1649 1070 1822 1155 apud
1864 1069 2241 1135 Musonium
2285 1074 2352 1134 et
2393 1068 2818 1135 Plutarchum

479 1181 556 1245 de
601 1180 934 1266 παρρησίᾳ
978 1178 1255 1243 habetur
1292 1176 1667 1262 disputatio,
1714 1178 1790 1241 de
1838 1198 1967 1262 qua
2010 1176 2205 1261 paulo
2250 1175 2423 1241 infra
2458 1176 2818 1243 accuratius

474 1285 812 1351 dicendum
867 1282 1074 1371 erit.²)
1164 1283 1292 1351 Dio
1349 1282 1852 1369 chrysostomus
1910 1282 2184 1369 denique
2238 1282 2569 1351 Electram
2624 1289 2825 1369 atque

475 1392 772 1457 Orestem
836 1393 912 1456 de
969 1390 1160 1457 exilio
1214 1390 1384 1457 inter
1438 1414 1506 1457 se
1562 1392 2021 1477 colloquentes·
2056 1390 2328 1475 inducit,
2394 1393 2506 1457 sed
2558 1412 2692 1457 non
2747 1396 2821 1457 ut

475 1520 702 1565 eorum
737 1498 1104 1583 opinionem
1140 1499 1405 1565 refutet:
1449 1498 1648 1565 immo
1689 1522 1836 1565 cum
1874 1499 2018 1565 aliis
2057 1500 2249 1567 rebus
2288 1503 2429 1565 tum
2463 1498 2567 1564 his
2605 1498 2819 1565 verbis

476 1630 545 1671 se
611 1610 1006 1673 commotum
1070 1628 1208 1671 esse
1272 1608 1640 1692 profitetur,
1708 1608 1935 1672 δεινὸν
1988 1606 2299 1691 ἡγεῖσθαι
2352 1604 2462 1672 καὶ
2517 1609 2691 1693 βαρὺ
2744 1608 2819 1672 τὸ

476 1716 916 1799 συμβεβηκός,
959 1736 1190 1799 nempe
1237 1713 1504 1779 exilium
1550 1711 1671 1801 (or.
1709 1713 1869 1779 XIII
1912 1736 1972 1797 p.
2012 1710 2260 1801 420R).

653 1820 884 1887 Omnia
919 1820 1122 1905 igitur
1159 1842 1322 1905 quae
1350 1820 1575 1885 Bionis
1614 1843 1754 1885 esse
1784 1820 2202 1906 cognovimus
2234 1821 2403 1904 apud
2438 1820 2817 1905 posterioris

475 1928 708 2001 aetatis
757 1927 1102 2011 scriptores
1153 1932 1524 2013 occurrunt3
1580 1932 1831 1993 restant
1875 1928 2171 1994 nonnulli
2217 1928 2361 2012 loci,
2408 1927 2644 2012 quibus
2690 1950 2821 1991 non

474 2036 556 2101 ad
593 2037 862 2112 verbum
891 2033 1226 2119 Stilponea
1262 2037 1343 2100 ab
1382 2035 1526 2101 aliis
1561 2034 1903 2121 descripta,
1942 2034 2053 2099 sed
2090 2035 2309 2119 aliquo
2346 2034 2536 2099 modo
2574 2034 2825 2100 variata

476 2166 615 2208 esse
652 2146 936 2228 apparet.
1009 2142 1226 2227 Atque
1263 2142 1557 2228 primum
1589 2144 1849 2228 quidem
1894 2141 2125 2208 similis
2170 2141 2345 2207 illius
2392 2141 2518 2206 loci
2552 2140 2821 2225 Teletei,

480 2274 609 2335 quo
656 2252 733 2315 de
780 2254 1057 2340 μετοίκῳ
1106 2250 1342 2315 dicitur
1388 2249 1474 2339 (p.
1515 2252 1618 2337 20,
1655 2252 1701 2317 4
1720 2248 1917 2338 sqq),
1963 2251 2143 2316 locus
2190 2253 2372 2315 extat
2415 2248 2486 2315 in
2540 2257 2542 2260 ’

624 2464 677 2531 1)
717 2460 912 2515 Simile
949 2460 1168 2539 aliquid
1205 2478 1397 2517 eorum
1432 2478 1578 2530 quae
1613 2461 1722 2516 hoc
1758 2461 1879 2516 loco
1917 2460 2172 2531 Polynici
2207 2461 2613 2530 respondentur
2647 2460 2823 2514 habes

478 2550 629 2619 apud
648 2550 957 2603 Varronem
977 2543 1216 2620 (Cycnus
1245 2571 1302 2617 π.
1322 2558 1506 2620 ταφῆς
1535 2551 1723 2621 2Β);,
1724 2552 1997 2621 ,Denique
2022 2553 2074 2608 si
2097 2552 2414 2607 vestimenta
2440 2568 2505 2605 ea
2532 2568 2669 2619 opus
2696 2557 2825 2605 svmt

477 2657 614 2709 quae
649 2642 776 2707 fere,
813 2658 912 2695 cur
946 2630 1292 2695 conscindis?
1327 2642 1377 2693 si
1410 2658 1524 2695 non
1554 2656 1692 2709 opus
1718 2647 1873 2708 sumt,
1902 2658 2003 2697 cur
2036 2640 2224 2708 fers?“
2241 2671 2307 2679 —
2337 2640 2419 2693 De
2448 2641 2627 2695 morte
2662 2656 2819 2709 pere-

477 2727 642 2799 grina
677 2729 852 2783 habes
889 2728 1170 2797 quaedam
1205 2727 1266 2782 in
1304 2728 1425 2783 Sen.
1465 2730 1530 2784 de
1564 2746 1692 2785 rem.
1720 2730 1849 2797 fort.
1878 2730 1971 2798 III,
2001 2734 2033 2782 2
2070 2748 2123 2798 p.
2158 2734 2256 2782 101
2288 2729 2512 2835 11088ου
2500 2729 2823 2798 ,tanquam

478 2816 636 2871 exilii
671 2817 981 2872 remedium
1017 2834 1166 2871 mors
1202 2817 1472 2872 laudatur
1508 2818 1641 2873 dial.
1684 2819 1775 2887 VI,
1804 2824 1889 2887 20,
1919 2824 1969 2873 2.

620 2909 700 2976 2)
715 2906 948 2976 Saepius
987 2923 1158 2975 quam
1186 2924 1216 2961 e
1243 2906 1476 2976 reliquis
1512 2907 1822 2978 tragoediis
1852 2925 1883 2963 e
1910 2906 2231 2963 Phoenissis
2268 2924 2461 2962 versus
2501 2908 2822 2976 afferuntur,

477 2994 702 3065 saepius
739 3012 910 3065 quam
951 2995 1100 3050 aliae
1136 3013 1408 3067 personae
1445 2996 1699 3067 tragicae
1735 2997 1993 3051 Eteocles
2030 3000 2201 3067 atque
2237 2997 2532 3067 Polynices
2553 2997 2823 3068 ‘exemplo

477 3087 623 3139 sunt.
700 3083 819 3150 Quo
864 3086 1136 3154 probatur
1171 3085 1352 3155 Epict.
1394 3085 1527 3141 diss.
1555 3086 1624 3153 ΙΙ,
1654 3092 1739 3155 22,
1773 3091 1841 3139 13
1886 3085 2030 3139 illud
2073 3095 2191 3141 πᾶν
2238 3090 2379 3153 ζῶον
2425 3088 2616 3141 οὐδενὶ
2652 3086 2825 3149 οὕτως

476 3171 763 3246 ᾠκείωται,
809 3174 881 3236 ὡς
916 3179 991 3245 τῷ
1031 3172 1154 3246 ἰδίῳ
1194 3169 1551 3243 συμφέροντι,
1591 3173 1723 3229 diss,
1762 3174 1855 3243 IV,
1886 3180 1936 3244 5,
1968 3181 2035 3229 29
2073 3176 2135 3230 τὸ
2174 3175 2303 3246 περὶ
2340 3170 2575 3230 ἑκάστου
2611 3175 2822 3231 τούτων

476 3264 658 3333 δόγμα
694 3272 856 3317 τοῦτο
894 3262 956 3317 τὸ
996 3261 1260 3335 βλάπτον,
1297 3270 1460 3317 τοῦτο
1497 3263 1558 3317 τὸ
1597 3260 1916 3334 ἀνατρέπον
1955 3280 2100 3319 0880;
2147 3263 2348 3317 fratres
2398 3263 2528 3319 11108
2565 3262 2824 3318 inimicos

476 3350 666 3405 reddit
709 3351 772 3405 τὸ
819 3350 1000 3422 δόγμα
1037 3352 1100 3406 τὸ
1137 3351 1268 3423 περὶ
1303 3353 1661 3422 τυραννίδος,
1708 3352 1769 3406 τὸ
1818 3343 1999 3422 δόγμα
2044 3353 2106 3407 τὸ
2154 3352 2283 3422 περὶ
2320 3361 2525 3423 φυγῆςε
2582 3352 2827 3408 adicitur

474 3439 677 3510 prioris
731 3439 885 3495 illius
941 3440 1052 3495 loci
1107 3443 1498 3511 argumentum
1535 3443 1588 3511 (ξ
1617 3444 1725 3511 31),
1773 3444 1838 3496 ut
1892 3444 2187 3509 utrumque
2244 3440 2603 3497 coniunctum
2648 3443 2825 3497 habes

477 3546 626 3584 man.
657 3544 702 3584 0.
725 3535 810 3598 31,
830 3534 880 3586 4.
945 3528 1236 3584 Avaritiae
1275 3530 1590 3600 exemplum
1627 3532 1760 3585 sunt
1794 3529 1856 3583 in
1891 3530 2052 3585 Dion.
2080 3529 2271 3599 Chrys
2302 3548 2379 3585 or.
2400 3532 2554 3585 XVH
2580 3551 2634 3601 p.
2655 3536 2759 3585 467
2774 3532 2828 3585 R

392 3616 396 3621 ’
432 3608 438 3613 ’
478 3614 626 3720 ςέπεὶ
657 3616 952 3696 διέστησαν
980 3628 1079 3673 τοῦ
1107 3622 1363 3683 πλείονος
1391 3619 1595 3690 χαριν),
1633 3619 1733 3674 ubi
1763 3620 1915 3690 quod
1942 3621 2198 3675 fratres
2226 3620 2438 3675 fuerint
2463 3620 2736 3690 premitur
2765 3624 2829 3676 ut

474 3708 536 3763 in
573 3706 688 3763 illis
716 3707 856 3763 10018
884 3706 1209 3778 Epicteteis,
1247 3708 1310 3763 id
1337 3710 1488 3778 quod
1517 3709 1698 3763 solum
1724 3712 2003 3764 tractatur
2029 3708 2091 3763 in
2119 3728 2195 3765 or.
2216 3709 2441 3764 LXXIV
2459 3712 2536 3780 (p.
2558 3716 2663 3777 398
2681 3710 2732 3763 R
2749 3711 2827 3766 ΙΙ.

477 3798 617 3853 fides
657 3792 719 3852 ἔκ
756 3806 866 3851 τῶν
902 3796 1080 3868 λόγων
1117 3798 1214 3853 καὶ
1250 3806 1347 3867 τῆς
1385 3800 1765 3868 συνηθείας
1810 3798 1909 3853 καὶ
1948 3808 2058 3853 τῶν
2094 3818 2275 3869 ορκων
2313 3798 2411 3853 καὶ
2446 3808 2546 3854 τοῦ
2584 3796 2828 3869 γένους

477 3885 923 3957 καταγέλαστος).
977 3886 1233 3941 Alterum
1267 3889 1506 3942 fratrum
1531 3905 1636 3958 par
1674 3905 1801 3942 cum
1827 3888 1916 3942 his
1953 3888 2060 3943 hoc
2094 3888 2220 3943 loco
2259 3887 2631 3958 coniungitur,
2668 3885 2827 3940 Atrei

479 3978 649 4045 atque
677 3976 957 4045 Thyestis,
997 3978 1167 4045 atque
1203 3976 1383 4046 patris
1419 3976 1650 4046 filiique,
1690 3976 1894 4033 Thesei
1932 3979 1990 4033 et
2014 3977 2337 4048 Hippolyti:
2376 3976 2597 4046 utrique
2624 3975 2825 4027 fratres

478 4068 776 4121 occurrunt
810 4064 871 4119 in
909 4064 1082 4119 simili
1126 4065 1367 4120 materia
1403 4064 1618 4137 (ἀμέλει
1663 4065 1769 4137 γὰρ
1817 4067 1914 4121 καὶ
1961 4067 2383 4139 φιλοτιμότερόν
2430 4061 2543 4121 ἐστι
2590 4061 2686 4116 καὶ
2730 4068 2827 4129 τῆς

481 4153 743 4224 ἐρωτικῆς
781 4150 1088 4224 ἐπιθυμίας
1125 4155 1186 4209 τὸ
1223 4154 1422 4227 κακόν)
1460 4155 1521 4211 in
1556 4154 1875 4211 Philodemi
1910 4156 2043 4227 περὶ
2070 4156 2237 4227 ὀργῆς
2272 4154 2465 4210 libello
2488 4151 2612 4221 (col.
2630 4150 2823 4219 XLII)=

479 4243 551 4305 ὡς
605 4244 799 4298 πολλοὶ
851 4242 1246 4315 παραπλήσιον
1301 4250 1416 4306 τοῖς
1468 4242 1852 4308 Οἰδίποδος
1895 4242 2039 4308 υἱοῖς
2086 4245 2184 4300 καὶ
2228 4250 2343 4305 τοῖς
2377 4238 2685 4302 Πέλοπος
2729 4237 2827 4292 καὶ

477 4330 876 4401 Πλεισθένους,
925 4336 1094 4404 atque
1138 4333 1281 4387 haec
1316 4350 1420 4387 nos
1465 4333 1541 4387 ad
1576 4332 1900 4402 Epictetum
1943 4334 2241 4400 reducunt,
2292 4328 2391 4385 ubi
2437 4330 2828 4399 argumentum

482 4419 902 4489 tragoediarum
925 4423 986 4476 τὸ
1008 4424 1357 4493 φαινόμενον
1377 4439 1499 4478 0880
1520 4421 1815 4477 disseritur
1834 4423 1992 4492 (diss.
2012 4424 2053 4491 I,
2074 4428 2158 4490 28,
2180 4422 2297 4489 31):
2324 4418 2417 4473 hic
2438 4416 2587 4473 enim
2604 4420 2830 4487 praeter

484 4508 762 4579 Oedipum
800 4511 859 4564 et
892 4510 1230 4566 Phoenicem
1259 4510 1470 4582 Ἀτρεὺς
1507 4513 1823 4582 Εὐριπίδου
1863 4514 1922 4567 et
1948 4510 2271 4573 Ἱππόλυτος
2307 4509 2829 4588 commemorantur.
