3309 5167
1530 382 2003 447 -112—

765 541 1032 608 Accedit
1061 542 1236 626 quod
1263 541 1360 606 ibi
1387 540 1624 606 similia
1650 541 2085 625 inveniuntur,
2114 539 2228 605 ubi
2256 540 2385 605 alia
2412 563 2671 625 quoque
2691 541 2939 607 Bionea

582 650 688 715 vel
726 648 1076 715 Aristonea
1113 650 1376 715 subesse
1413 648 1719 714 vidimus:
1762 648 1981 714 locum
2018 647 2333 732 epistulae
2369 646 2756 713 Annaeanae
2802 648 2931 713 iam

585 780 780 841 supra
835 755 924 844 (p.
965 755 1080 842 79)
1129 756 1671 841 comparavimus,
1716 756 1873 820 item
1918 756 2082 820 illud
2129 754 2200 821 ἐκ
2244 764 2362 840 τῆς
2398 754 2742 839 ἐπιστολῆς
2779 754 2931 841 περὶ

583 867 830 948 φιλίας.
843 862 896 951 ¹)
971 862 1172 929 Aliud
1217 864 1540 949 quoddam
1585 865 1659 928 in
1701 862 1979 927 Horatio
2036 862 2334 927 occurrit.
2409 861 2502 927 Ut
2549 862 2719 927 enim
2763 863 2929 947 apud

581 971 1004 1036 Plutarchum
1041 976 1380 1057 aegrotum
1419 992 1802 1057 cognoscere
1850 972 2176 1055 morbum,
2227 969 2547 1034 medicum
2594 992 2929 1055 arcessere,

583 1078 734 1143 huic
763 1080 1115 1145 curandum
1153 1102 1221 1143 se
1258 1080 1512 1145 tradere
1549 1078 1923 1163 exponitur,
1958 1086 2076 1162 τῆς
2112 1073 2186 1141 δὲ
2224 1074 2626 1162 μαινομένης
2656 1074 2933 1160 Ἀγαύης

585 1184 850 1263 ἀκούεις
893 1186 1043 1253 ὑπὸ
1088 1195 1226 1252 τοῦ
1271 1186 1582 1264 πάθους
1626 1187 1717 1251 τὰ
1760 1178 2065 1271 φίλτατ’
2116 1183 2622 1268 ἠγνοηκυίας·

1308 1291 1612 1378 ’Ἄγωμεν
1660 1291 1725 1371 ἐξ
1770 1295 1960 1378 ὄρεος
2004 1291 2189 1357 ἕλικα

1330 1402 1677 1483 Νεότομον
1724 1396 1830 1478 ἐπὶ
1875 1396 2179 1485 μέλαθρα

1335 1506 1690 1593 Μακάρων
1734 1508 2036 1592 θήραμα,

581 1617 676 1681 ita
687 1614 947 1701 Agaues
972 1615 1266 1699 exemplo
1291 1613 1610 1678 refellitur
1622 1612 1937 1677 Horatius
1961 1635 2001 1676 a
2017 1611 2433 1699 DamasippO,
2455 1613 2565 1698 qui
2586 1618 2932 1697 propterea

581 1747 650 1789 se
677 1722 958 1788 insanire
986 1726 1200 1808 negat,
1230 1722 1402 1806 quod
1431 1743 1624 1785 sanus
1657 1719 1784 1784 sibi
1812 1718 1941 1803 ipsi
1966 1719 2263 1785 videatur
2282 1718 2445 1808 (Sat.
2461 1721 2544 1807 H,
2561 1724 2619 1806 3,
2636 1723 2767 1787 303
2781 1718 2935 1807 sq.):

819 1831 1029 1913 Quid?
1075 1835 1262 1913 caput
1302 1829 1641 1895 abscissum
1686 1828 1976 1893 manibus
2018 1850 2158 1893 cum
2189 1834 2407 1912 portat
2448 1830 2668 1913 Ayaue

809 1940 1010 2005 Gnati
1052 1938 1343 2021 infeliciS,
1387 1936 1508 2002 sibi
1551 1941 1683 2001 tum
1723 1936 1972 2016 furiosa
2015 1936 2297 2000 videtur?

580 2046 662 2111 In
705 2044 941 2129 quibus
991 2044 1166 2128 quod
1211 2044 1501 2108 diversus
1549 2066 1690 2107 esse
1734 2042 1991 2109 videtur
2035 2043 2228 2108 huius
2276 2044 2554 2127 exempli
2600 2066 2752 2108 usus
2762 2094 2779 2129 ‚
2833 2042 2932 2107 ita

583 2153 1032 2237 explicandum
1078 2155 1198 2237 est,
1241 2155 1315 2216 ut
1361 2152 1430 2216 in
1475 2152 1617 2217 loco
1665 2150 2052 2216 Plutarcheo
2092 2173 2226 2216 non
2280 2150 2663 2236 simpliciter
2704 2149 2928 2235 Agaue

581 2264 828 2325 statum
875 2283 1064 2325 suum
1099 2281 1232 2324 non
1268 2259 1632 2343 intelligere
1672 2258 1923 2323 dicatur
1966 2297 2041 2305 —
2082 2257 2149 2322 id
2187 2259 2359 2343 quod
2396 2280 2621 2323 sensus
2660 2257 2933 2343 flagitat,

583 2390 729 2433 cum
791 2367 917 2432 hoc
971 2367 1336 2451 exemplum
1400 2366 1650 2451 aegroti
1709 2365 2071 2431 condicioni
2134 2368 2519 2450 respondere
2580 2366 2810 2430 debeat
2851 2402 2927 2411 —

582 2476 694 2539 sed
740 2474 1034 2539 versibus
1081 2473 1214 2537 illis
1261 2472 1632 2557 Euripideis
1682 2473 1908 2536 statim
1953 2472 2020 2536 id
2066 2474 2395 2556 probetur.

756 2583 815 2647 4.
889 2579 1056 2645 Cum
1108 2602 1260 2646 vero
1327 2581 1408 2644 ad
1477 2579 1748 2645 satiram
1802 2579 1983 2644 illam
2037 2578 2465 2645 Horatianam
2518 2579 2765 2645 Heinze
2824 2564 2926 2643 ad-

580 2688 906 2755 notaverit
958 2687 1222 2774 „nescio
1287 2710 1370 2751 an
1422 2687 1612 2771 plura
1664 2686 1773 2751 hic
1828 2687 2061 2751 debeat
2113 2685 2370 2773 Bioni“,
2429 2711 2631 2751 unum
2696 2686 2929 2751 saltem

580 2797 795 2861 locum
840 2799 1175 2879 praeterea
1219 2795 1300 2858 ad
1346 2791 1620 2858 Bionem
1666 2793 1873 2858 redire
1921 2794 2027 2859 vel
2072 2796 2423 2859 secundum
2464 2793 2690 2858 Bionis
2739 2815 2931 2877 quae-

580 2904 728 2967 dam
763 2903 1116 2967 formatum
1153 2924 1292 2967 esse
1331 2902 1774 2966 demonstrare
1811 2924 2002 2985 posse
2042 2901 2204 2965 mihi
2234 2902 2477 2966 videor.
2551 2902 2730 2965 Inter
2766 2900 2930 2964 alios

581 3012 752 3075 enim
816 3010 1078 3075 insanos
1144 3030 1368 3072 amans
1431 3007 1787 3093 inducitur-3
1852 3031 2066 3072 amare
2130 3008 2445 3092 puerilius
2504 3030 2643 3073 esse
2653 3059 2670 3093 ,
2737 3030 2929 3092 quam

581 3119 929 3183 barbatum
973 3116 1194 3181 ludere
1240 3136 1590 3199 puerorum
1635 3114 1707 3179 in
1752 3116 2015 3179 modum
2062 3115 2424 3181 affirmatur
2470 3113 2556 3203 (v.
2597 3112 2782 3203 251):

805 3226 933 3289 Nec
977 3225 1305 3307 quicquam
1350 3222 1600 3302 differre
1643 3226 1935 3287 utrumne
1976 3225 2048 3287 in
2082 3224 2337 3305 pulvere
2349 3274 2367 3308 ,
2414 3225 2639 3289 trimus

813 3332 1007 3413 Quale
1038 3332 1256 3415 prius,
1304 3331 1486 3395 ludas
1530 3350 1683 3412 opus
1727 3351 1815 3394 an
1859 3332 2191 3395 merebricis
2235 3351 2443 3395 amore

803 3438 1115 3503 Sollicitus
1148 3439 1378 3521 plores.

727 3635 778 3701 1)
827 3631 996 3686 Cuius
1054 3649 1178 3685 cum
1225 3630 1538 3700 complures
1587 3630 1895 3685 servaverit
1940 3631 2217 3686 Stobaeus
2271 3629 2565 3700 reliquiae,
2624 3646 2931 3701 cognoscas

583 3722 740 3790 licet,
789 3737 914 3775 eam
950 3722 1174 3790 praeter
1211 3720 1349 3773 satis
1387 3719 1528 3772 vilia
1564 3719 1837 3773 nonnulla
1876 3720 1949 3773 ad
1985 3721 2236 3773 nostram
2273 3736 2391 3773 rem
2429 3737 2574 3789 quae
2609 3719 2935 3789 pertineant

581 3811 882 3866 continere.
941 3809 1113 3864 Velut
1141 3809 1291 3877 quod
1318 3808 1522 3878 ἀρετὴν
1551 3814 1667 3869 τοῖς
1694 3816 1867 3862 πᾶσιν
1896 3812 2103 3878 μᾶλλον
2134 3806 2359 3865 εὐκτέον
2387 3806 2421 3877 ἢ
2450 3813 2693 3862 πλοῦτον
2721 3807 2934 3875 ἀνοή-

580 3921 722 3962 τοις
760 3897 1042 3968 σφαλερόν
1089 3896 1252 3966 dicit,
1303 3900 1362 3951 et
1407 3896 1514 3969 ὅσῳ
1560 3917 1644 3959 τις
1680 3894 1753 3950 ἂν
1790 3896 2025 3967 ἄφρων
2062 3890 2125 3969 ᾖ,
2172 3897 2415 3970 τοσούτῳ
2450 3894 2623 3951 πλέον
2660 3891 2933 3968 ἐξυβρίζει

581 3990 758 4059 (Stob.
788 3988 906 4043 flor.
937 3992 1022 4056 94,
1051 3992 1146 4056 313
1185 3987 1260 4040 III
1297 4005 1352 4057 p.
1377 3992 1476 4040 197
1500 3986 1709 4056 Mem).
1784 3985 2063 4055 Turpibus
2102 3986 2319 4041 divitiis
2346 3988 2742 4057 paupertatem
2769 4002 2933 4055 prae-

579 4079 868 4133 ferendam
915 4092 1036 4130 esse
1088 4075 1347 4131 similiter
1381 4077 1653 4145 probatur
1692 4080 1776 4143 97,
1806 4080 1875 4129 20
1914 4076 2011 4145 (ΙΙΙ
2047 4094 2100 4145 p.
2130 4080 2235 4131 210
2273 4075 2466 4131 Mein:
2515 4077 2576 4130 εἶ’
2604 4096 2665 4146 γε
2704 4074 2777 4145 μὴ
2818 4083 2928 4128 τῶν

579 4169 702 4223 τότε
750 4166 906 4237 (πότε
942 4168 1049 4236 vy.)
1091 4164 1463 4235 Ἀθηναίων
1502 4165 1532 4219 ὃ
1569 4166 2079 4227 πλουσιώτατος
2124 4165 2371 4234 ἀμείνων
2405 4159 2479 4233 ἦν
2515 4162 2929 4234 Ἀριστείδου

579 4258 679 4312 καὶ
715 4255 1050 4325 Σωκράτους
1096 4251 1158 4309 ἐν
1199 4252 1370 4330 πενίᾳ
1415 4263 1512 4323 τῆς
1558 4255 1775 4324 ἀρετῆς.
1849 4254 1879 4307 ὁ
1917 4253 1980 4308 δὲ
2027 4258 2263 4317 πλοῦτος
2310 4250 2529 4309 ἐκείνου
2577 4254 2745 4315 αὐτὸς
2780 4250 2925 4306 καθ’

581 4346 753 4400 αὑτὸν
792 4346 986 4415 (αὐτοῦ
1025 4344 1123 4398 ’καὶ
1150 4344 1318 4407 αὐτὸς
1351 4347 1458 4414 vy.)
1498 4339 1743 4413 ἐξίτηλος
1778 4363 1836 4398 τε
1874 4342 1971 4397 καὶ
2008 4344 2387 4413 ἀνώνυμος)
2426 4345 2595 4411 atque
2629 4343 2689 4396 in
2717 4340 2930 4396 Teletis

580 4455 638 4490 π.
668 4436 866 4496 πενίας
902 4433 1000 4487 καὶ
1027 4432 1270 4487 πλούτου
1309 4431 1779 4486 commentatione
1816 4434 1890 4502 (p.
1914 4436 1997 4500 36,
2021 4434 2229 4500 9sqq.).
2286 4429 2541 4499 Denique
2576 4430 2636 4484 in
2673 4432 2924 4486 extremo

579 4526 703 4579 loco
742 4523 895 4579 Stob.
926 4522 1026 4577 ecl.
1065 4522 1133 4592 ΙΙ,
1164 4528 1248 4590 31,
1280 4529 1345 4579 82
1366 4521 1442 4575 W
1477 4523 1700 4576 servato
1741 4522 1811 4575 de
1848 4523 2110 4583 παιδείας
2146 4520 2397 4575 utilitate
2435 4520 2640 4590 agitur.
