3309 5167
1412 388 1841 455 *25—

455 551 736 625 rioribus
775 551 885 617 vix
921 549 1252 615 adhibitus
1292 548 1380 614 sit
1392 545 1443 636 1)
1473 586 1556 595 —-
1589 547 1923 634 Stilponea
1959 570 2075 633 per
2106 549 2377 615 Bionem
2412 551 2483 615 in
2510 550 2799 615 Teletem

451 659 810 743 influxisse3
859 659 915 723 si
944 656 1199 723 diversa
1233 680 1352 722 usa
1396 660 1549 722 sunt
1585 656 1865 742 fortuna,
1913 655 2253 742 efficietur,
2300 680 2334 721 e
2372 656 2641 723 diversis
2680 680 2799 722 sua

453 765 934 851 conglutinasse
978 765 1283 830 Teletem.

628 872 846 958 Atque
911 895 1028 957 pro
1095 878 1271 937 certo
1328 869 1589 956 quidem
1653 870 1782 936 dici
1844 875 2087 957 potest,
2154 892 2230 937 ea
2294 894 2455 956 quae
2516 870 2799 957 Stilponi

451 979 798 1045 tribuimus
852 978 923 1044 in
976 1002 1167 1044 usum
1213 1002 1402 1044 suum
1449 978 1845 1043 convertisse
1890 976 2326 1043 Musonium
2377 979 2449 1043 in
2495 978 2587 1043 eis
2636 1002 2799 1063 quae

454 1086 524 1151 ἐκ
567 1095 690 1152 τοῦ
745 1086 845 1151 ὅτι
899 1086 980 1151 οὐ
1034 1087 1237 1151 κακὸν
1291 1086 1332 1169 ἡ
1387 1087 1570 1170 φυγή
1627 1084 1765 1149 eius
1822 1084 2104 1151 servavit
2160 1084 2339 1151 Stob.
2387 1082 2574 1151 fioril.
2612 1088 2719 1172 40,
2758 1088 2799 1151 9

453 1193 604 1280 (vol.
632 1193 699 1257 II
736 1216 795 1277 p.
827 1194 912 1258 70
933 1216 1070 1278 sqq.
1105 1190 1446 1280 Meineke).
1523 1192 1699 1269 Quae
1734 1193 1806 1256 in
1849 1191 1978 1256 tria
2018 1191 2219 1257 dividi
2254 1197 2531 1277 possunt
2570 1192 2799 1278 capita,

454 1322 730 1385 quorum
772 1300 982 1384 primo
1032 1299 1121 1385 (p.
1151 1301 1254 1384 70,
1293 1301 1533 1384 8-71,
1563 1301 1632 1384 8)
1676 1300 2193 1385 demonstratur,
2230 1299 2801 1365 commutationem

451 1407 578 1473 loci
625 1407 868 1472 malum
910 1429 1043 1471 non
1088 1430 1253 1492 esse3
1305 1406 1510 1472 altero
1547 1405 1639 1491 (p.
1672 1408 1773 1491 71,
1814 1408 2069 1491 8-73,
2098 1404 2188 1493 5),
2234 1407 2540 1492 prodesse
2577 1406 2796 1491 potius

454 1514 718 1579 exilium
772 1515 852 1579 ad
908 1514 1261 1579 curandum
1307 1518 1373 1579 et
1428 1513 1627 1578 animi
1675 1517 1742 1578 et
1786 1512 2075 1598 corporis
2122 1513 2560 1579 valetudinem
2603 1518 2799 1600 atque

454 1624 532 1687 τὰ
577 1622 924 1705 ἀναγκαῖα,
972 1645 1166 1706 quam
1213 1622 1456 1706 obesse,
1505 1644 1650 1686 cum
1697 1620 1891 1686 tertio
1930 1617 2019 1707 (p.
2054 1623 2155 1705 73,
2184 1622 2439 1706 5—-74‚
2469 1619 2584 1708 28)
2622 1622 2798 1687 varie

455 1727 834 1793 refellantur
872 1751 1035 1813 quae
1075 1727 1266 1799 exilio
1304 1728 1518 1793 solent
1544 1727 1947 1813 opprobrari,
1985 1728 2165 1793 velut
2191 1728 2365 1813 quod
2401 1728 2797 1814 ignominiae

457 1835 560 1921 sit,
609 1836 781 1921 quod
825 1858 974 1921 non,
1023 1858 1401 1921 quacunque
1449 1835 1528 1899 de
1574 1858 1643 1899 re
1690 1834 1869 1921 velis,
1915 1836 2178 1919 impune
2225 1834 2398 1901 dicas
2444 1834 2569 1899 tibi
2606 1834 2801 1900 liceat

454 1943 654 2028 exuli3
711 1942 985 2027 denique
1041 1942 1111 2007 in
1166 1941 1575 2008 conclusione
1621 1940 1712 2029 (p.
1754 1944 1855 2029 74,
1894 1943 1977 2007 29
1996 1980 2072 1989 -
2093 1943 2194 2027 75,
2231 1939 2347 2030 28)
2396 1940 2681 2007 breviter
2733 1942 2802 2006 in

453 2050 827 2127 universum
897 2049 1212 2114 nonnulla
1283 2050 1723 2134 disputantur:
1795 2071 1928 2113 non
1992 2048 2289 2114 omnibus
2367 2071 2533 2133 quae
2608 2048 2803 2133 volgo

453 2158 815 2223 habeantur
869 2156 1058 2223 bonis
1113 2157 1366 2241 privare
1425 2156 1714 2241 exilium,
1772 2160 1942 2221 certe
1997 2178 2129 2221 11011
2182 2156 2351 2221 veris
2398 2156 2615 2240 bonis3
2669 2178 2802 2219 non

453 2265 655 2350 igitur
699 2264 966 2329 exilium
1017 2286 1273 2348 nocere,
1330 2264 1442 2329 sed
1495 2263 1911 2349 pravitatem3
1967 2262 2263 2348 denique¹
2294 2285 2503 2348 neque
2557 2261 2805 2327 iustum

453 2394 663 2457 neque
709 2372 1023 2437 iniustum
1070 2370 1334 2437 exilium
1379 2392 1570 2457 aegre
1617 2371 1953 2436 ferendum
1998 2392 2154 2434 esse.

634 2479 774 2556 Qua
807 2478 879 2543 in
914 2483 1099 2563 parte
1119 2500 1214 2562 *ea
1250 2500 1413 2563 quae
1441 2477 1775 2563 praefatur
1802 2476 2140 2542 Musonius
2180 2469 2313 2565 (οἷς
2348 2474 2423 2543 δὲ
2460 2483 2805 2561 λογισμοῖς

456 2598 713 2673 χρῶμαι
773 2588 940 2672 πρὸς
1003 2584 1292 2671 ἐμαυτὸν
1351 2586 1542 2650 ὥστε·
1580 2586 1668 2670 μὴ
1726 2585 2060 2669 ἄχθεσθαι
2112 2592 2191 2669 τῇ
2248 2592 2461 2669 φυγῇ,
2524 2584 2806 2660 τούτους

455 2692 566 2758 καὶ
617 2695 785 2779 πρὸς
830 2690 904 2758 σὲ
949 2689 1190 2777 εἴποιμ’
1242 2690 1356 2779 ἄν)
1415 2693 1897 2777 subsequuntur
1950 2690 2109 2756 haec
2162 2691 2361 2756 verba
2408 2688 2498 2777 (p.
2539 2692 2640 2775 74,
2670 2686 2805 2776 31),

461 2821 626 2883 quae
671 2800 1057 2864 conferenda
1101 2803 1254 2863 sunt
1301 2820 1447 2864 cum
1492 2798 1636 2863 loco
1683 2798 1974 2863 Teleteo:

548 2905 830 2969 Muson.
851 2929 910 2989 p.
935 2906 1158 2989 74,31.
1224 2905 1411 2971 δοκεῖ
1442 2929 1554 2990 μοι
1592 2905 1633 2988 ἡ
1665 2905 1846 2989 φυγὴ
1898 2901 1907 2991 Ι
2044 2905 2265 2970 Teles
2293 2928 2357 2994 p.
2381 2906 2480 2989 14,
2503 2907 2560 2970 8.
2597 2907 2803 2969 τίνων

445 3016 826 3098 ’στερίσκειν
861 3007 985 3095 μὲν
1020 3009 1424 3097 ἀνθρώπους
1463 3011 1550 3077 ὀὐ
1587 3011 1851 3089 πάντως
1956 3011 2197 3096 ἡφυγὴ
2225 3010 2267 3095 ἢ
2294 3015 2509 3077 ποίων
2527 3010 2806 3094 ἀγαθῶν

457 3118 603 3185 οὐδ’
629 3114 726 3186 ὧν
753 3119 824 3183 οἱ
835 3116 1072 3184 πολλοὶ
1094 3122 1482 3203 νομίζουσιν
1508 3118 1786 3201 ἀγαθῶν
1803 3168 1848 3185 ..
1957 3120 2311 3204 στερίσκεις
2349 3167 2365 3182 .
2394 3166 2407 3183 .

582 3224 785 3314 (certe
830 3247 963 3290 11011
1009 3225 1222 3293 aufert
1267 3248 1419 3290 vera
1463 3223 1689 3310 bonat)

459 3334 612 3399 οὔτε
667 3334 793 3418 γὰρ
841 3331 1180 3419 ἀνδρίαν
1233 3331 1274 3416 ἣ
1326 3333 1847 3417 δικαιοσύνην
1957 3331 2123 3398 ἀλλὰ
2186 3332 2273 3416 μὴ
2332 3330 2704 3417 ἀνδρείας
2762 3329 2802 3413 ἢ

459 3440 494 3505 ὁ
533 3442 804 3525 φεύγων
851 3441 1024 3524 ἔχειν
1069 3440 1392 3506 κωλύεται
1439 3441 1546 3505 διὸ
1592 3440 1847 3524 φεύγει,
1957 3440 2469 3521 δικαιοσύνης
2497 3436 2538 3522 ἢ
2567 3440 2808 3521 ἄλλης

459 3547 612 3613 οὔτε
668 3548 1112 3633 σωφροσύνην
1169 3545 1210 3630 ἢ
1259 3549 1623 3632 φρόνησιν,
1678 3544 1839 3611 οὐδ’
1954 3548 2174 3623 τινὸς
2220 3544 2526 3631 ἀρετῆςς

461 3654 751 3739 ἀρετὴν
794 3654 1035 3737 ἄλλην
1079 3652 1484 3736 ἡντινοῦν.

459 3758 844 3824 Musoniana
889 3759 1048 3844 quin
1093 3760 1173 3825 ad
1219 3759 1434 3844 ipsum
1473 3758 1835 3844 Stilponem
1875 3759 2141 3825 redeant
2187 3759 2455 3824 dubium
2494 3781 2635 3824 esse
2670 3782 2805 3825 11011

458 3870 703 3951 potest:
750 3867 1195 3952 σωφροσύνην
1239 3867 1412 3931 6111111
1457 3871 1522 3931 et
1569 3869 1901 3953 φρόνησιν
1948 3867 2194 3931 duabus
2241 3865 2372 3931 illis
2419 3866 2697 3953 ἀνδρείᾳ
2740 3870 2807 3931 et

459 3973 851 4058 δικαιοσύνῃ
915 3972 1174 4057 adiecit,
1237 3978 1310 4039 ut
1375 3978 1686 4059 quattuor
1753 3972 2119 4040 Stoicorum
2172 3974 2446 4043 virtutes
2503 3974 2807 4057 expleret,

459 4105 618 4166 quas
675 4080 814 4165 ipse
860 4079 1198 4144 Musonius
1253 4085 1508 4164 praeter
1554 4085 1801 4147 ceteros
1847 4078 2222 4147 recentioris
2268 4079 2504 4145 aetatis
2554 4078 2815 4145 Stoicos.

601 4259 656 4328 1)
695 4255 856 4322 Quod
903 4273 1244 4325 quamquam
1287 4274 1388 4326 pro
1431 4258 1582 4312 certo
1621 4256 1819 4328 negari
1854 4256 2075 4325 nequit,
2123 4256 2316 4308 tamen
2351 4252 2657 4309 verisimile
2694 4272 2809 4309 non

459 4348 570 4414 est,
618 4358 744 4400 cum
780 4343 991 4398 Teletis
1039 4356 1244 4399 nomen
1283 4361 1563 4414 nusquam
1599 4344 1823 4415 legatur
1861 4347 2031 4413 atque
2068 4344 2188 4413 ipse
2225 4342 2397 4397 fuerit
2430 4360 2613 4413 paene
2651 4343 2807 4399 nullo

460 4434 520 4488 in
554 4433 1016 4504 philosophorum
1051 4451 1298 4489 numero,
1365 4435 1527 4489 Certe
1563 4450 1728 4489 nemo
1757 4433 1855 4502 qui
1884 4451 1913 4487 e
1941 4432 2133 4488 vivido
2162 4432 2317 4487 fonte
2346 4430 2572 4487 haurire
2599 4432 2803 4505 potuit,

461 4522 684 4577 haurire
720 4522 925 4578 maluit
962 4539 992 4577 6
1027 4521 1209 4577 rivulo
1249 4522 1389 4577 satis
1425 4521 1716 4593 languido,
