3309 5167
1479 426 1553 433 --
1650 388 1985 493 ὃδὴι

513 551 958 617 παντάπασι
1004 548 1174 634 μηδ’
1225 550 1688 635 ὀχλομανῶν
1734 547 1856 615 οὐκ
1910 548 1995 615 ἂν
2041 543 2223 635 οἶμαι
2278 550 2400 634 τὴν
2454 551 2660 635 τύχην
2714 547 2865 634 με’μ-

513 669 711 737 ψαιτο
769 659 1338 741 συνελαυνόμενος
1391 656 1487 734 εἰς
1541 664 1781 741 νῆσον,
1836 654 1979 723 ἀλλ’
2036 654 2471 741 ἐπαινέσειεν,
2524 661 2639 721 aut
2694 656 2865 741 quod

515 788 646 849 cap.
692 766 772 830 12
827 764 1281 848 vituperantur
1334 763 1394 828 ei
1449 763 1562 848 qui
1615 763 2080 829 Archilochum
2144 763 2507 850 imitentur,
2572 763 2685 850 qui
2748 772 2866 848 τῆς

519 873 746 938 Θάσου
781 872 872 937 τὰ
907 866 1373 958 καρποφόρα
1409 868 1539 936 καὶ
1577 873 1958 937 οἰνόπεδα
1994 882 2361 958 παρορῶν
2398 873 2510 937 διὰ
2546 874 2620 937 τὸ
2657 874 2864 958 τραχὺ

513 976 623 1044 καὶ
678 979 1032 1064 ἀνώμαλον
1085 968 1590 1063 διέβαλε’τὴν
1652 987 1880 1062 νῆσον.
1970 977 2265 1063 Denique
2311 1000 2465 1064 cap.
2518 980 2721 1070 13813
2784 980 2863 1043 14

513 1086 806 1171 exempla
837 1086 1193 1150 afferuntur
1221 1108 1384 1171 quae
1411 1086 1626 1152 verbis
1660 1085 2129 1152 concluduntur
2156 1086 2423 1151 eandem
2459 1073 2641 1153 illam
2668 1084 2864 1151 ratio-

513 1215 662 1258 nem
707 1192 1155 1278 sequentibus:
1209 1193 1450 1272 ποίντες
1506 1188 1691 1260 οὗτοι
1745 1191 1855 1259 καὶ
1909 1190 2185 1272 πλέονες
2237 1196 2427 1259 ἄλλοι
2462 1204 2599 1259 τῶν
2634 1196 2863 1279 πατρί-

514 1302 654 1366 δων
709 1299 1091 1377 ἐκπεσόντες
1145 1299 1268 1366 οὐκ
1325 1298 1717 1384 ἀπέγνωσαν
1780 1297 1928 1366 οὐδ’
1980 1303 2261 1388 ἔρριψαν
2318 1299 2621 1385 ἑαυτοὺς,
2693 1298 2857 1367 ἀλλ’

515 1407 949 1494 ἐχρήσαντο
994 1418 1166 1485 ταῖς
1208 1407 1579 1493 εὐφυΐαις
1625 1407 1905 1493 ἐφόδιον
1948 1410 2125 1495 παρὰ
2168 1416 2285 1493 τῆς
2330 1409 2529 1494 τύχης
2574 1404 2696 1492 μὲν
2741 1408 2864 1490 τὴν

513 1514 739 1599 φυγὴν
784 1517 1128 1600 λαβόντες,
1183 1517 1377 1599 atque
1421 1514 1618 1577 finem
1672 1513 1865 1579 huius
1900 1514 2393 1579 'sententiarum
2440 1514 2681 1580 ordinis
2730 1513 2863 1579 effi-

510 1622 690 1688 ciunt
737 1628 1023 1688 extrema
1067 1620 1276 1686 libelli
1320 1621 1545 1706 verba,
1601 1643 1765 1706 quae
1822 1621 1937 1687 illo
1985 1621 2351 1709 ἀνθρώπου
2398 1620 2619 1699 οὐδεὶς
2664 1621 2862 1706 ἀφαι-

510 1740 720 1815 ρεῖται
779 1728 980 1807 τόπος
1034 1728 1465 1813 εὐδαιμονίαν
1530 1729 1748 1814 ὥσπερ
1814 1726 1960 1794 οὐδ’
2022 1728 2261 1815 ἀρετὴν
2318 1726 2474 1795 οὐδὲ
2530 1732 2862 1814 φρόνησιν

507 1836 900 1900 inducuntur
965 1841 1032 1901 et
1096 1858 1259 1921 quae
1325 1837 1618 1921 exempla
1684 1835 1820 1901 eius
1887 1835 1999 1921 qui
2065 1836 2226 1901 haec
2290 1836 2507 1901 omnia
2572 1836 2861 1902 continet

509 1966 734 2008 sensus
809 1943 886 2008 de
957 1942 1348 2029 Anaxagora
1419 1947 1485 2007 et
1561 1927 1825 2008 Socrate
1907 1946 2155 2028 petunt.
2258 1943 2429 2020 Quas
2505 1945 2858 2009 sententias

507 2050 756 2136 profert
800 2050 1188 2115 Plutarchus
1247 2072 1540 2115 sermone
1593 2072 1779 2133 usus,
1836 2048 2017 2115 cuius
2073 2050 2203 2116 tria
2254 2050 2668 2136 potissimum
2716 2074 2863 2137 pro·

506 2156 650 2243 pria
704 2180 844 2222 esse
899 2156 1227 2242 videntur,
1284 2179 1446 2243 quae
1503 2156 1741 2221 iterum
1792 2157 2157 2243 iterumque
2212 2163 2585 2225 occurruntt
2638 2158 2861 2224 81111111-

507 2264 788 2349 tudineS‚
837 2265 1154 2350 exempla,
1199 2269 1538 2350 poetarum
1583 2286 1826 2340 versus.

685 2370 848 2437 Cum
901 2372 1105 2457 igitur
1165 2372 1406 2457 optime
1463 2371 1856 2457 cogitatione
1920 2373 2163 2458 fingere
2227 2374 2579 2460 possimus,
2646 2373 2856 2460 qualis

505 2477 704 2543 fuerit
767 2478 1014 2543 indoles
1069 2478 1268 2543 fontis
1325 2478 1502 2543 illius
1557 2478 1954 2564 Plutarchei‚
2017 2479 2209 2564 plane
2263 2480 2431 2546 1111111
2486 2482 2723 2547 scimus
2781 2483 2859 2547 de

507 2589 768 2650 auctore
797 2585 966 2670 ipso:
995 2585 1294 2650 laudetur
1321 2585 1494 2650 enim
1523 2585 1817 2670 quamvis
1835 2585 2061 2652 Aristo
2092 2587 2353 2673 quidam
2375 2587 2455 2676 (c.
2472 2590 2513 2655 5
2533 2614 2591 2674 p.
2612 2588 2857 2678 600E)‚

507 2698 726 2765 tamen
771 2692 916 2778 quis
955 2692 1044 2757 sit
1089 2692 1445 2757 multorum
1480 2690 1865 2757 Aristonum
1910 2690 2019 2779 (cf.
2057 2692 2270 2759 Laert.
2300 2694 2488 2781 Diog.
2520 2689 2666 2781 VII,
2699 2694 2856 2783 164)

506 2800 907 2885 ignoramus,
973 2803 1408 2884 quantamque
1473 2799 1552 2863 ad
1617 2803 1870 2885 partem
1925 2800 2133 2865 libelli
2185 2800 2557 2868 Plutarchei
2620 2826 2857 2870 nomen

507 2904 643 2972 eius
681 2906 1019 2992 pertineat.
1101 2904 1308 2992 Atqui
1355 2928 1390 2970 e
1435 2905 1650 2970 fonte
1699 2905 1917 2991 aliquo
1955 2906 2114 2972 haec
2152 2908 2521 2995 sumpsisse,
2568 2932 2701 2975 non
2736 2934 2855 2975 suo

505 3014 766 3101 ingenio
831 3015 1060 3079 debere
1129 3012 1646 3079 Chaeronensem
1694 3021 1791 3077 'ex
1854 3036 1930 3079 eo
1996 3019 2296 3101 apparet,
2360 3017 2532 3101 'quod
2599 3018 2857 3083 eaedem

511 3121 893 3207 sententiae,
961 3120 1121 3207 quin
1175 3121 1371 3185 etiam
1426 3121 1650 3185 eadem
1703 3121 1903 3185 verba
1957 3120 2102 3186 aliis
2159 3145 2415 3207 quoque
2471 3123 2541 3188 in
2598 3122 2855 3209 scriptis

507 3230 644 3295 eius
692 3229 1016 3315 leguntur,
1063 3227 1390 3293 interdum
1431 3228 1648 3313 aliquo
1687 3227 1881 3293 modo
1917 3228 2193 3294 variata:
2240 3229 2307 3295 id
2344 3230 2517 3315 quod
2553 3235 2628 3295 ut
2674 3231 2855 3297 nullo

505 3338 715 3422 pact0‚
761 3336 818 3401 si
863 3340 1197 3422 putamus,
1242 3336 1402 3401 haec
1447 3334 1650 3420 ipsius
1697 3335 2033 3423 Plutarchi
2080 3358 2247 3421 esse,
2294 3336 2389 3401 ita
2430 3338 2857 3421 probabiliter

507 3445 602 3509 sic
673 3446 926 3508 tantum
1003 3442 1385 3528 explicatur,
1460 3446 1534 3507 ut
1606 3441 1717 3507 ille
1782 3442 2061 3508 aliorum
2124 3466 2157 3507 e
2221 3442 2407 3508 libris
2476 3446 2858 3530 deprompta

509 3549 950 3636 compluribus
1004 3549 1165 3615 locis
1220 3549 1616 3637 adhibuerit,
1683 3550 1891 3636 magis
1948 3550 2241 3617 minusve
2303 3555 2499 3636 prout
2554 3573 2657 3617 res
2714 3552 2857 3637 ipsa

505 3658 882 3745 postulabat
929 3680 1004 3722 ea
1045 3679 1307 3724 novans
1399 3656 1628 3744 Neque
1684 3657 1897 3723 minus
1952 3658 2110 3722 haec
2163 3659 2555 3744 respondent
2600 3658 2855 3745 rationi,

507 3790 704 3854 quam
728 3765 1150 3831 Plutarchum
1187 3764 1257 3829 in
1294 3764 1770 3830 conscribendis
1808 3763 2048 3829 libellis
2090 3769 2381 3831 secutum
2419 3788 2559 3831 esse
2597 3766 2852 3831 aliunde

503 3876 780 3961 probare
834 3896 1177 3959 possumus
1187 3923 1206 3958 7
1264 3872 1646 3957 praesertim
1704 3872 1834 3937 illis
1889 3871 2131 3957 verbis,
2197 3896 2360 3958 quae
2416 3873 2485 3938 in
2540 3896 2852 3940 commen-

503 3981 748 4047 tatione
785 4002 850 4046 π.
889 3979 1217 4064 εὐθυμίας
1251 3979 1558 4065 leguntur
1593 3976 1674 4065 (c.
1712 3982 1741 4042 1
1784 4002 1845 4063 p.
1886 3976 2064 4067 464),
2109 3980 2224 4045 ubi
2260 3981 2693 4066 ὑπομνήματα
2734 4002 2849 4044 sua

506 4091 980 4157 commemorat.
1072 4086 1318 4165 Multos
1383 4085 1586 4171 igitur
1638 4085 2027 4152 Plutarchus
2090 4086 2339 4174 legerat
2399 4088 2601 4153 libros
2656 4090 2848 4171 atque

506 4199 910 4281 excerpserat
956 4193 1193 4279 quibus
1248 4194 1318 4259 in
1364 4215 1620 4278 quoque
1668 4193 2121 4280 delectaretur3
2177 4218 2340 4281 quae
2385 4201 2614 4281 postea
2657 4194 2849 4259 modo

504 4304 626 4368 hac
671 4304 862 4368 modo
908 4301 1023 4366 illa
1069 4300 1320 4366 ratione
1367 4323 1757 4387 componens
1804 4324 1973 4368 nova
2018 4301 2355 4368 efficiebat.
2373 4301 2423 4391 1)

509 4404 610 4411 ———.

650 4444 706 4512 1)
749 4443 923 4496 Recte
967 4442 1108 4495 haec
1152 4441 1269 4495 iam
1315 4442 1698 4511 cognoverunt
1742 4442 2133 4497 Schmertosch
2178 4443 2244 4496 de
2280 4443 2431 4496 Plut.
2461 4450 2685 4499 sentent.
2716 4460 2855 4515 quae

507 4533 582 4586 ad
614 4532 785 4587 divin.
814 4537 1060 4600 spectant
1087 4532 1296 4601 oriqine
1321 4549 1376 4600 p.
1407 4536 1474 4583 23
1505 4533 1563 4585 et
1589 4531 1655 4587 R.
1666 4531 1875 4585 Weber
1901 4531 1962 4584 in
1990 4532 2175 4601 Leipz.
2196 4532 2347 4593 stud.
2378 4531 2453 4584 IX
2478 4550 2532 4601 p.
2557 4537 2659 4586 169
2682 4550 2763 4600 sq.
2786 4564 2852 4573 -
