<?xml version="1.0" encoding="UTF-8"?>
<!DOCTYPE html PUBLIC "-//W3C//DTD XHTML 1.0 Transitional//EN"
    "http://www.w3.org/TR/xhtml1/DTD/xhtml1-transitional.dtd">
<html xmlns="http://www.w3.org/1999/xhtml" xml:lang="en" lang="en">
 <head>
  <title>
</title>
<meta http-equiv="Content-Type" content="text/html;charset=utf-8" />
  <meta name='ocr-system' content='tesseract 3.04.00' />
  <meta name='ocr-capabilities' content='ocr_page ocr_carea ocr_par ocr_line ocrx_word'/>
</head>
<body>
  <div class='ocr_page' id='page_1' title='image "./dephilosophorum00giesgoog_0059.png"; bbox 0 0 3309 5167; ppageno 0'>
   <div class='ocr_carea' id='block_1_1' title="bbox 1395 360 1826 424">
    <p class='ocr_par' dir='ltr' id='par_1_1' title="bbox 1395 360 1826 424">
     <span class='ocr_line' id='line_1_1' title="bbox 1395 360 1826 424; baseline 0 -19"><span class='ocrx_word' id='word_1_1' title='bbox 1395 360 1826 424; x_wconf 72' lang='lat'>-49—</span> 
     </span>
    </p>
   </div>
   <div class='ocr_carea' id='block_1_2' title="bbox 375 520 2789 4139">
    <p class='ocr_par' dir='ltr' id='par_1_2' title="bbox 375 520 2789 4139">
     <span class='ocr_line' id='line_1_2' title="bbox 435 520 2779 604; baseline -0.001 -19"><span class='ocrx_word' id='word_1_2' title='bbox 435 522 507 585; x_wconf 77' lang='lat' dir='ltr'>iu</span> <span class='ocrx_word' id='word_1_3' title='bbox 549 540 1072 604; x_wconf 76' lang='lat' dir='ltr'><strong><em>quamcumque</em></strong></span> <span class='ocrx_word' id='word_1_4' title='bbox 1117 524 1393 585; x_wconf 75' lang='lat' dir='ltr'>terram</span> <span class='ocrx_word' id='word_1_5' title='bbox 1436 540 1675 604; x_wconf 75' lang='lat' dir='ltr'>venem,</span> <span class='ocrx_word' id='word_1_6' title='bbox 1720 521 1801 585; x_wconf 78' lang='lat' dir='ltr'>iu</span> <span class='ocrx_word' id='word_1_7' title='bbox 1854 540 2080 585; x_wconf 84' lang='lat' dir='ltr'>meam</span> <span class='ocrx_word' id='word_1_8' title='bbox 2124 520 2329 597; x_wconf 70' lang='lat' dir='ltr'>vm2i03</span> <span class='ocrx_word' id='word_1_9' title='bbox 2384 520 2565 585; x_wconf 79' lang='lat' dir='ltr'>nulla</span> <span class='ocrx_word' id='word_1_10' title='bbox 2610 523 2779 584; x_wconf 81' lang='lat' dir='ltr'>terra</span> 
     </span>
     <span class='ocr_line' id='line_1_3' title="bbox 439 623 2777 713; baseline -0.002 -20"><span class='ocrx_word' id='word_1_11' title='bbox 439 630 695 694; x_wconf 77' lang='lat' dir='ltr'>exilium</span> <span class='ocrx_word' id='word_1_12' title='bbox 739 633 840 713; x_wconf 84' lang='lat' dir='ltr'>est,</span> <span class='ocrx_word' id='word_1_13' title='bbox 887 629 1083 692; x_wconf 80' lang='lat' dir='ltr'>altera</span> <span class='ocrx_word' id='word_1_14' title='bbox 1106 628 1327 710; x_wconf 74' lang='lat' dir='ltr'>patria</span> <span class='ocrx_word' id='word_1_15' title='bbox 1371 633 1486 712; x_wconf 65' lang='grc' dir='ltr'>θείς</span> <span class='ocrx_word' id='word_1_16' title='bbox 1535 627 1709 712; x_wconf 89' lang='lat' dir='ltr'>quod</span> <span class='ocrx_word' id='word_1_17' title='bbox 1748 626 1825 690; x_wconf 92' lang='lat' dir='ltr'>de</span> <span class='ocrx_word' id='word_1_18' title='bbox 1854 624 2151 711; x_wconf 82' lang='lat' dir='ltr'>&#39;Diogene</span> <span class='ocrx_word' id='word_1_19' title='bbox 2187 626 2493 690; x_wconf 86' lang='lat' dir='ltr'>narratur</span> <span class='ocrx_word' id='word_1_20' title='bbox 2534 623 2777 713; x_wconf 85' lang='lat' dir='ltr'>(Epict.</span> 
     </span>
     <span class='ocr_line' id='line_1_4' title="bbox 436 728 2781 822; baseline -0.001 -23"><span class='ocrx_word' id='word_1_21' title='bbox 436 735 988 822; x_wconf 79' lang='lat' dir='ltr'>diss.111,24,66):</span> <span class='ocrx_word' id='word_1_22' title='bbox 1018 734 1130 799; x_wconf 77' lang='grc' dir='ltr'>διὰ</span> <span class='ocrx_word' id='word_1_23' title='bbox 1147 742 1343 800; x_wconf 85' lang='grc' dir='ltr'><strong><em>τοῦτο</em></strong></span> <span class='ocrx_word' id='word_1_24' title='bbox 1371 742 1574 799; x_wconf 79' lang='grc' dir='ltr'><strong><em>πᾶσα</em></strong></span> <span class='ocrx_word' id='word_1_25' title='bbox 1601 731 1957 820; x_wconf 72' lang='grc' dir='ltr'><strong><em>γῆποιτρὶς</em></strong></span> <span class='ocrx_word' id='word_1_26' title='bbox 1983 728 2069 816; x_wconf 80' lang='grc' dir='ltr'>ἦν</span> <span class='ocrx_word' id='word_1_27' title='bbox 2089 731 2315 822; x_wconf 73' lang='grc' dir='ltr'><strong><em>ἐκείνῳ</em></strong></span> <span class='ocrx_word' id='word_1_28' title='bbox 2345 736 2549 822; x_wconf 76' lang='grc' dir='ltr'><strong><em>μόνῳ,</em></strong></span> <span class='ocrx_word' id='word_1_29' title='bbox 2579 732 2781 810; x_wconf 81' lang='grc' dir='ltr'><strong><em>ἐξαί-</em></strong></span> 
     </span>
     <span class='ocr_line' id='line_1_5' title="bbox 436 837 2781 929; baseline -0.002 -21"><span class='ocrx_word' id='word_1_30' title='bbox 436 866 660 929; x_wconf 78' lang='grc' dir='ltr'><strong><em>ρετος</em></strong></span> <span class='ocrx_word' id='word_1_31' title='bbox 705 840 765 906; x_wconf 83' lang='grc' dir='ltr'>δ’</span> <span class='ocrx_word' id='word_1_32' title='bbox 819 842 1097 927; x_wconf 76' lang='grc' dir='ltr'><em>οὐδεμία</em></span> <span class='ocrx_word' id='word_1_33' title='bbox 1152 837 1422 927; x_wconf 83' lang='lat' dir='ltr'>(similia</span> <span class='ocrx_word' id='word_1_34' title='bbox 1466 840 1846 906; x_wconf 87' lang='lat' dir='ltr'>tribuuntur</span> <span class='ocrx_word' id='word_1_35' title='bbox 1894 838 2349 926; x_wconf 76' lang='grc' dir='ltr'><strong><em>Ἀντιγεννίδᾳ</em></strong></span> <span class='ocrx_word' id='word_1_36' title='bbox 2392 849 2483 927; x_wconf 74' lang='grc' dir='ltr'>τῷ</span> <span class='ocrx_word' id='word_1_37' title='bbox 2534 840 2781 925; x_wconf 77' lang='grc' dir='ltr'><strong><em>αὐλητῇ</em></strong></span> 
     </span>
     <span class='ocr_line' id='line_1_6' title="bbox 436 945 2779 1033; baseline -0.002 -19"><span class='ocrx_word' id='word_1_38' title='bbox 436 973 476 1014; x_wconf 89' lang='lat' dir='ltr'>a</span> <span class='ocrx_word' id='word_1_39' title='bbox 518 949 790 1014; x_wconf 83' lang='lat' dir='ltr'>Philone</span> <span class='ocrx_word' id='word_1_40' title='bbox 835 948 971 1013; x_wconf 91' lang='lat' dir='ltr'>Iud.</span> <span class='ocrx_word' id='word_1_41' title='bbox 1019 950 1180 1031; x_wconf 79' lang='lat' dir='ltr'>quod</span> <span class='ocrx_word' id='word_1_42' title='bbox 1222 969 1382 1013; x_wconf 82' lang='lat' dir='ltr'>omn.</span> <span class='ocrx_word' id='word_1_43' title='bbox 1415 950 1592 1032; x_wconf 75' lang='lat' dir='ltr'>prob.</span> <span class='ocrx_word' id='word_1_44' title='bbox 1639 950 1739 1013; x_wconf 73' lang='lat' dir='ltr'>lib.</span> <span class='ocrx_word' id='word_1_45' title='bbox 1788 971 1836 1013; x_wconf 91' lang='lat' dir='ltr'>c.</span> <span class='ocrx_word' id='word_1_46' title='bbox 1886 947 2029 1033; x_wconf 79' lang='lat'><strong>20);</strong></span> <span class='ocrx_word' id='word_1_47' title='bbox 2075 947 2247 1032; x_wconf 89' lang='lat' dir='ltr'>quod</span> <span class='ocrx_word' id='word_1_48' title='bbox 2290 945 2581 1010; x_wconf 88' lang='lat' dir='ltr'>Iulianus</span> <span class='ocrx_word' id='word_1_49' title='bbox 2628 946 2779 1030; x_wconf 89' lang='lat' dir='ltr'><strong>imp.</strong></span> 
     </span>
     <span class='ocr_line' id='line_1_7' title="bbox 438 1051 2781 1141; baseline -0.001 -22"><span class='ocrx_word' id='word_1_50' title='bbox 438 1054 556 1141; x_wconf 92' lang='lat' dir='ltr'>(or.</span> <span class='ocrx_word' id='word_1_51' title='bbox 576 1056 706 1121; x_wconf 84' lang='lat' dir='ltr'>VII</span> <span class='ocrx_word' id='word_1_52' title='bbox 732 1080 791 1141; x_wconf 90' lang='lat' dir='ltr'>p.</span> <span class='ocrx_word' id='word_1_53' title='bbox 814 1058 942 1121; x_wconf 84' lang='grc'>238</span> <span class='ocrx_word' id='word_1_54' title='bbox 959 1051 1044 1141; x_wconf 89' lang='grc' dir='ltr'>Β)</span> <span class='ocrx_word' id='word_1_55' title='bbox 1073 1053 1433 1140; x_wconf 84' lang='lat' dir='ltr'>Diogenem</span> <span class='ocrx_word' id='word_1_56' title='bbox 1459 1078 1593 1120; x_wconf 90' lang='lat' dir='ltr'>non</span> <span class='ocrx_word' id='word_1_57' title='bbox 1619 1060 1953 1141; x_wconf 88' lang='lat' dir='ltr'>tamquam</span> <span class='ocrx_word' id='word_1_58' title='bbox 1980 1054 2251 1138; x_wconf 85' lang='lat' dir='ltr'>impium</span> <span class='ocrx_word' id='word_1_59' title='bbox 2278 1052 2674 1118; x_wconf 86' lang='lat' dir='ltr'>recusavisse</span> <span class='ocrx_word' id='word_1_60' title='bbox 2700 1074 2781 1117; x_wconf 92' lang='lat' dir='ltr'>ne</span> 
     </span>
     <span class='ocr_line' id='line_1_8' title="bbox 436 1160 2783 1248; baseline -0.001 -22"><span class='ocrx_word' id='word_1_61' title='bbox 436 1162 506 1226; x_wconf 91' lang='lat' dir='ltr'>in</span> <span class='ocrx_word' id='word_1_62' title='bbox 542 1162 854 1248; x_wconf 87' lang='lat' dir='ltr'>mysteria</span> <span class='ocrx_word' id='word_1_63' title='bbox 887 1161 1278 1247; x_wconf 74' lang='lat' dir='ltr'>reciperetur</span> <span class='ocrx_word' id='word_1_64' title='bbox 1306 1162 1479 1248; x_wconf 87' lang='lat' dir='ltr'>dicit,</span> <span class='ocrx_word' id='word_1_65' title='bbox 1508 1163 1621 1227; x_wconf 86' lang='lat' dir='ltr'>sed</span> <span class='ocrx_word' id='word_1_66' title='bbox 1650 1163 1822 1247; x_wconf 89' lang='lat' dir='ltr'>quod</span> <span class='ocrx_word' id='word_1_67' title='bbox 1862 1160 2087 1240; x_wconf 79' lang='grc' dir='ltr'><strong><em>συνεὶς</em></strong></span> <span class='ocrx_word' id='word_1_68' title='bbox 2122 1163 2223 1228; x_wconf 81' lang='grc' dir='ltr'>ὅτι</span> <span class='ocrx_word' id='word_1_69' title='bbox 2258 1162 2378 1227; x_wconf 86' lang='grc' dir='ltr'>τὸν</span> <span class='ocrx_word' id='word_1_70' title='bbox 2405 1162 2783 1245; x_wconf 81' lang='grc' dir='ltr'><strong><em>μυούμενον</em></strong></span> 
     </span>
     <span class='ocr_line' id='line_1_9' title="bbox 438 1266 2784 1357; baseline -0.001 -23"><span class='ocrx_word' id='word_1_71' title='bbox 438 1268 638 1355; x_wconf 76' lang='grc' dir='ltr'><strong><em>ἐχρῆν</em></strong></span> <span class='ocrx_word' id='word_1_72' title='bbox 655 1276 1321 1357; x_wconf 73' lang='grc' dir='ltr'><strong><em>πολιτογραφηθῆναι</em></strong></span> <span class='ocrx_word' id='word_1_73' title='bbox 1340 1273 1665 1357; x_wconf 78' lang='grc' dir='ltr'><strong><em>πρότερον</em></strong></span> <span class='ocrx_word' id='word_1_74' title='bbox 1690 1269 1802 1336; x_wconf 84' lang='grc' dir='ltr'>καὶ</span> <span class='ocrx_word' id='word_1_75' title='bbox 1823 1268 2207 1355; x_wconf 76' lang='grc' dir='ltr'><strong><em>Ἀθηναῖον,</em></strong></span> <span class='ocrx_word' id='word_1_76' title='bbox 2237 1272 2299 1334; x_wconf 77' lang='grc' dir='ltr'>εἰ</span> <span class='ocrx_word' id='word_1_77' title='bbox 2322 1266 2433 1333; x_wconf 81' lang='grc' dir='ltr'>καὶ</span> <span class='ocrx_word' id='word_1_78' title='bbox 2460 1268 2549 1353; x_wconf 81' lang='grc' dir='ltr'>μὴ</span> <span class='ocrx_word' id='word_1_79' title='bbox 2568 1268 2784 1352; x_wconf 82' lang='grc' dir='ltr'><em>φύσει,</em></span> 
     </span>
     <span class='ocr_line' id='line_1_10' title="bbox 436 1376 2787 1465; baseline -0.002 -24"><span class='ocrx_word' id='word_1_80' title='bbox 436 1385 528 1464; x_wconf 73' lang='grc' dir='ltr'>τῷ</span> <span class='ocrx_word' id='word_1_81' title='bbox 573 1379 754 1465; x_wconf 77' lang='grc' dir='ltr'><strong><em>νόμῳ</em></strong></span> <span class='ocrx_word' id='word_1_82' title='bbox 799 1400 874 1459; x_wconf 80' lang='grc' dir='ltr'>γε</span> <span class='ocrx_word' id='word_1_83' title='bbox 919 1376 1256 1462; x_wconf 76' lang='grc' dir='ltr'><strong><em>γενέσθαι,</em></strong></span> <span class='ocrx_word' id='word_1_84' title='bbox 1300 1387 1498 1443; x_wconf 84' lang='grc' dir='ltr'><strong><em>τοῦτο</em></strong></span> <span class='ocrx_word' id='word_1_85' title='bbox 1546 1380 1815 1463; x_wconf 83' lang='grc' dir='ltr'><strong><em>ἔφυγεν,</em></strong></span> <span class='ocrx_word' id='word_1_86' title='bbox 1861 1377 1943 1442; x_wconf 83' lang='grc' dir='ltr'>οὐ</span> <span class='ocrx_word' id='word_1_87' title='bbox 1978 1378 2053 1443; x_wconf 86' lang='grc' dir='ltr'>τὸ</span> <span class='ocrx_word' id='word_1_88' title='bbox 2100 1382 2467 1462; x_wconf 73' lang='grc' dir='ltr'><strong><em>μυηθῆναιε</em></strong></span> <span class='ocrx_word' id='word_1_89' title='bbox 2522 1396 2666 1438; x_wconf 89' lang='lat' dir='ltr'>cum</span> <span class='ocrx_word' id='word_1_90' title='bbox 2712 1395 2787 1436; x_wconf 87' lang='lat' dir='ltr'>ea</span> 
     </span>
     <span class='ocr_line' id='line_1_11' title="bbox 437 1480 2787 1569; baseline -0.001 -22"><span class='ocrx_word' id='word_1_91' title='bbox 437 1505 600 1568; x_wconf 90' lang='lat' dir='ltr'>quae</span> <span class='ocrx_word' id='word_1_92' title='bbox 637 1487 792 1555; x_wconf 85' lang='lat' dir='ltr'>tunc</span> <span class='ocrx_word' id='word_1_93' title='bbox 827 1490 1186 1569; x_wconf 88' lang='lat' dir='ltr'>sequuntur</span> <span class='ocrx_word' id='word_1_94' title='bbox 1223 1484 1427 1550; x_wconf 86' lang='grc' dir='ltr'><strong><em>αὐτὸν</em></strong></span> <span class='ocrx_word' id='word_1_95' title='bbox 1465 1480 1636 1551; x_wconf 80' lang='grc' dir='ltr'><strong><em>εἶναι</em></strong></span> <span class='ocrx_word' id='word_1_96' title='bbox 1673 1494 1793 1550; x_wconf 82' lang='grc' dir='ltr'>τοῦ</span> <span class='ocrx_word' id='word_1_97' title='bbox 1828 1487 2082 1569; x_wconf 80' lang='grc' dir='ltr'><strong><em>κόσμου</em></strong></span> <span class='ocrx_word' id='word_1_98' title='bbox 2117 1486 2417 1566; x_wconf 81' lang='grc' dir='ltr'><strong><em>πολίτην,</em></strong></span> <span class='ocrx_word' id='word_1_99' title='bbox 2454 1483 2535 1546; x_wconf 89' lang='lat' dir='ltr'>ad</span> <span class='ocrx_word' id='word_1_100' title='bbox 2575 1481 2787 1567; x_wconf 82' lang='lat' dir='ltr'>ipsam</span> 
     </span>
     <span class='ocr_line' id='line_1_12' title="bbox 436 1586 2786 1676; baseline -0.001 -23"><span class='ocrx_word' id='word_1_101' title='bbox 436 1589 988 1655; x_wconf 77' lang='lat' dir='ltr'>narratiunculam</span> <span class='ocrx_word' id='word_1_102' title='bbox 1041 1591 1488 1675; x_wconf 79' lang='lat' dir='ltr'>explicandam</span> <span class='ocrx_word' id='word_1_103' title='bbox 1541 1614 1673 1657; x_wconf 94' lang='lat' dir='ltr'>non</span> <span class='ocrx_word' id='word_1_104' title='bbox 1722 1591 2103 1676; x_wconf 88' lang='lat' dir='ltr'>pertineant.</span> <span class='ocrx_word' id='word_1_105' title='bbox 2193 1589 2424 1675; x_wconf 86' lang='lat' dir='ltr'>Itaque</span> <span class='ocrx_word' id='word_1_106' title='bbox 2473 1587 2670 1653; x_wconf 88' lang='lat' dir='ltr'>etiam</span> <span class='ocrx_word' id='word_1_107' title='bbox 2716 1586 2786 1651; x_wconf 91' lang='lat' dir='ltr'>in</span> 
     </span>
     <span class='ocr_line' id='line_1_13' title="bbox 438 1689 2785 1785; baseline -0 -25"><span class='ocrx_word' id='word_1_108' title='bbox 438 1696 866 1781; x_wconf 77' lang='lat' dir='ltr'>descriptione</span> <span class='ocrx_word' id='word_1_109' title='bbox 903 1698 1074 1763; x_wconf 83' lang='lat' dir='ltr'>vitae</span> <span class='ocrx_word' id='word_1_110' title='bbox 1113 1698 1469 1764; x_wconf 81' lang='lat' dir='ltr'>cotidianae</span> <span class='ocrx_word' id='word_1_111' title='bbox 1509 1698 1737 1784; x_wconf 84' lang='lat' dir='ltr'>Cynici</span> <span class='ocrx_word' id='word_1_112' title='bbox 1775 1698 2096 1785; x_wconf 77' lang='grc' dir='ltr'><strong><em>(Κυνικός</em></strong></span> <span class='ocrx_word' id='word_1_113' title='bbox 2132 1720 2181 1762; x_wconf 90' lang='lat' dir='ltr'>c.</span> <span class='ocrx_word' id='word_1_114' title='bbox 2210 1694 2321 1783; x_wconf 82' lang='lat'>15)</span> <span class='ocrx_word' id='word_1_115' title='bbox 2348 1695 2561 1762; x_wconf 86' lang='lat' dir='ltr'>verbis</span> <span class='ocrx_word' id='word_1_116' title='bbox 2600 1689 2785 1760; x_wconf 85' lang='grc' dir='ltr'><strong><em>οἷκον</em></strong></span> 
     </span>
     <span class='ocr_line' id='line_1_14' title="bbox 438 1800 2786 1891; baseline -0.002 -22"><span class='ocrx_word' id='word_1_117' title='bbox 438 1800 512 1869; x_wconf 74' lang='grc' dir='ltr'>δὲ</span> <span class='ocrx_word' id='word_1_118' title='bbox 556 1806 676 1870; x_wconf 86' lang='grc' dir='ltr'>τὸν</span> <span class='ocrx_word' id='word_1_119' title='bbox 709 1807 961 1890; x_wconf 79' lang='grc' dir='ltr'><strong><em>κόσμον</em></strong></span> <span class='ocrx_word' id='word_1_120' title='bbox 999 1809 1294 1891; x_wconf 80' lang='grc' dir='ltr'><strong><em>νομίζειν</em></strong></span> <span class='ocrx_word' id='word_1_121' title='bbox 1328 1829 1462 1871; x_wconf 87' lang='grc'>11011</span> <span class='ocrx_word' id='word_1_122' title='bbox 1497 1805 1564 1870; x_wconf 90' lang='lat' dir='ltr'>id</span> <span class='ocrx_word' id='word_1_123' title='bbox 1601 1806 2022 1891; x_wconf 83' lang='lat' dir='ltr'>significatur,</span> <span class='ocrx_word' id='word_1_124' title='bbox 2068 1804 2379 1869; x_wconf 89' lang='lat' dir='ltr'>mundum</span> <span class='ocrx_word' id='word_1_125' title='bbox 2416 1824 2554 1867; x_wconf 85' lang='lat' dir='ltr'>esse</span> <span class='ocrx_word' id='word_1_126' title='bbox 2590 1824 2786 1867; x_wconf 89' lang='lat' dir='ltr'>unam</span> 
     </span>
     <span class='ocr_line' id='line_1_15' title="bbox 375 1908 2788 1998; baseline -0.001 -23"><span class='ocrx_word' id='word_1_127' title='bbox 375 1908 378 1911; x_wconf 67' lang='grc'><strong>’</strong></span> <span class='ocrx_word' id='word_1_128' title='bbox 437 1916 630 1997; x_wconf 89' lang='lat' dir='ltr'>atque</span> <span class='ocrx_word' id='word_1_129' title='bbox 671 1933 976 1998; x_wconf 85' lang='lat' dir='ltr'>magnam</span> <span class='ocrx_word' id='word_1_130' title='bbox 1012 1912 1292 1997; x_wconf 88' lang='lat' dir='ltr'>domum,</span> <span class='ocrx_word' id='word_1_131' title='bbox 1339 1912 1451 1976; x_wconf 90' lang='lat' dir='ltr'>sed</span> <span class='ocrx_word' id='word_1_132' title='bbox 1497 1912 1811 1977; x_wconf 89' lang='lat' dir='ltr'>mundum</span> <span class='ocrx_word' id='word_1_133' title='bbox 1856 1912 1968 1998; x_wconf 87' lang='lat' dir='ltr'>qui</span> <span class='ocrx_word' id='word_1_134' title='bbox 2011 1912 2267 1996; x_wconf 85' lang='lat' dir='ltr'>habeat,</span> <span class='ocrx_word' id='word_1_135' title='bbox 2313 1910 2373 1975; x_wconf 88' lang='lat' dir='ltr'>ei</span> <span class='ocrx_word' id='word_1_136' title='bbox 2417 1911 2609 1975; x_wconf 92' lang='lat' dir='ltr'>domo</span> <span class='ocrx_word' id='word_1_137' title='bbox 2653 1931 2788 1974; x_wconf 90' lang='lat' dir='ltr'>non</span> 
     </span>
     <span class='ocr_line' id='line_1_16' title="bbox 437 2015 2785 2104; baseline -0.001 -21"><span class='ocrx_word' id='word_1_138' title='bbox 437 2041 600 2104; x_wconf 91' lang='lat' dir='ltr'>opus</span> <span class='ocrx_word' id='word_1_139' title='bbox 648 2042 813 2104; x_wconf 87' lang='lat' dir='ltr'>esse,</span> <span class='ocrx_word' id='word_1_140' title='bbox 869 2024 1062 2104; x_wconf 88' lang='lat' dir='ltr'>atque</span> <span class='ocrx_word' id='word_1_141' title='bbox 1111 2017 1389 2104; x_wconf 82' lang='lat' dir='ltr'>Cynicus</span> <span class='ocrx_word' id='word_1_142' title='bbox 1437 2024 1538 2083; x_wconf 90' lang='lat' dir='ltr'>est</span> <span class='ocrx_word' id='word_1_143' title='bbox 1583 2018 1698 2104; x_wconf 90' lang='lat' dir='ltr'>qui</span> <span class='ocrx_word' id='word_1_144' title='bbox 1752 2018 1881 2084; x_wconf 89' lang='lat' dir='ltr'>sibi</span> <span class='ocrx_word' id='word_1_145' title='bbox 1936 2017 2279 2104; x_wconf 84' lang='lat' dir='ltr'>proposuit</span> <span class='ocrx_word' id='word_1_146' title='bbox 2330 2019 2401 2082; x_wconf 87' lang='lat' dir='ltr'>in</span> <span class='ocrx_word' id='word_1_147' title='bbox 2448 2016 2590 2083; x_wconf 87' lang='lat' dir='ltr'>Sen.</span> <span class='ocrx_word' id='word_1_148' title='bbox 2638 2015 2785 2082; x_wconf 90' lang='lat' dir='ltr'>dial.</span> 
     </span>
     <span class='ocr_line' id='line_1_17' title="bbox 438 2126 2787 2213; baseline -0.002 -20"><span class='ocrx_word' id='word_1_149' title='bbox 438 2126 584 2213; x_wconf 80' lang='lat' dir='ltr'>VH,</span> <span class='ocrx_word' id='word_1_150' title='bbox 631 2129 738 2212; x_wconf 82' lang='grc'>20,</span> <span class='ocrx_word' id='word_1_151' title='bbox 776 2127 844 2193; x_wconf 86' lang='lat'>3:</span> <span class='ocrx_word' id='word_1_152' title='bbox 895 2148 998 2211; x_wconf 67' lang='lat' dir='ltr'>eqo</span> <span class='ocrx_word' id='word_1_153' title='bbox 1055 2133 1251 2195; x_wconf 70' lang='lat' dir='ltr'>imas</span> <span class='ocrx_word' id='word_1_154' title='bbox 1293 2128 1495 2192; x_wconf 81' lang='lat' dir='ltr'>omnis</span> <span class='ocrx_word' id='word_1_155' title='bbox 1548 2132 1867 2210; x_wconf 78' lang='lat' dir='ltr'>tamquam</span> <span class='ocrx_word' id='word_1_156' title='bbox 1918 2147 2087 2191; x_wconf 83' lang='lat' dir='ltr'>meas</span> <span class='ocrx_word' id='word_1_157' title='bbox 2138 2126 2371 2207; x_wconf 83' lang='lat' dir='ltr'>videb0‚</span> <span class='ocrx_word' id='word_1_158' title='bbox 2424 2146 2593 2191; x_wconf 84' lang='lat' dir='ltr'>meas</span> <span class='ocrx_word' id='word_1_159' title='bbox 2636 2130 2787 2190; x_wconf 81' lang='lat' dir='ltr'>tam-</span> 
     </span>
     <span class='ocr_line' id='line_1_18' title="bbox 435 2231 2787 2319; baseline -0.002 -20"><span class='ocrx_word' id='word_1_160' title='bbox 435 2256 624 2317; x_wconf 77' lang='lat' dir='ltr'>quam</span> <span class='ocrx_word' id='word_1_161' title='bbox 683 2235 976 2301; x_wconf 77' lang='lat' dir='ltr'>omnium.</span> <span class='ocrx_word' id='word_1_162' title='bbox 1028 2272 1106 2281; x_wconf 92' lang='lat'>—</span> <span class='ocrx_word' id='word_1_163' title='bbox 1155 2234 1354 2298; x_wconf 85' lang='lat' dir='ltr'>Recte</span> <span class='ocrx_word' id='word_1_164' title='bbox 1406 2233 1609 2319; x_wconf 89' lang='lat' dir='ltr'>igitur</span> <span class='ocrx_word' id='word_1_165' title='bbox 1674 2256 1817 2299; x_wconf 90' lang='lat' dir='ltr'>mea</span> <span class='ocrx_word' id='word_1_166' title='bbox 1882 2231 2142 2318; x_wconf 91' lang='lat' dir='ltr'>quidem</span> <span class='ocrx_word' id='word_1_167' title='bbox 2204 2231 2525 2297; x_wconf 88' lang='lat' dir='ltr'>sententia</span> <span class='ocrx_word' id='word_1_168' title='bbox 2579 2231 2787 2296; x_wconf 90' lang='lat' dir='ltr'>Zeller</span> 
     </span>
     <span class='ocr_line' id='line_1_19' title="bbox 439 2338 2787 2428; baseline -0.001 -22"><span class='ocrx_word' id='word_1_169' title='bbox 439 2340 584 2428; x_wconf 86' lang='lat' dir='ltr'>(III,</span> <span class='ocrx_word' id='word_1_170' title='bbox 636 2343 670 2407; x_wconf 91' lang='lat'>1</span> <span class='ocrx_word' id='word_1_171' title='bbox 719 2365 778 2426; x_wconf 93' lang='lat' dir='ltr'>p.</span> <span class='ocrx_word' id='word_1_172' title='bbox 827 2340 987 2428; x_wconf 82' lang='lat'>298)</span> <span class='ocrx_word' id='word_1_173' title='bbox 1043 2342 1120 2406; x_wconf 87' lang='lat' dir='ltr'>de</span> <span class='ocrx_word' id='word_1_174' title='bbox 1177 2363 1254 2415; x_wconf 86' lang='lat' dir='ltr'>ea</span> <span class='ocrx_word' id='word_1_175' title='bbox 1321 2363 1515 2425; x_wconf 87' lang='lat' dir='ltr'>quam</span> <span class='ocrx_word' id='word_1_176' title='bbox 1576 2341 1907 2405; x_wconf 87' lang='lat' dir='ltr'>habebant</span> <span class='ocrx_word' id='word_1_177' title='bbox 1970 2340 2083 2425; x_wconf 90' lang='lat' dir='ltr'>qui</span> <span class='ocrx_word' id='word_1_178' title='bbox 2137 2340 2451 2404; x_wconf 90' lang='lat' dir='ltr'>mundum</span> <span class='ocrx_word' id='word_1_179' title='bbox 2506 2338 2787 2423; x_wconf 89' lang='lat' dir='ltr'>patriam</span> 
     </span>
     <span class='ocr_line' id='line_1_20' title="bbox 436 2444 2786 2533; baseline -0.002 -20"><span class='ocrx_word' id='word_1_180' title='bbox 436 2448 719 2513; x_wconf 85' lang='lat' dir='ltr'>hominis</span> <span class='ocrx_word' id='word_1_181' title='bbox 759 2470 896 2513; x_wconf 87' lang='lat' dir='ltr'>esse</span> <span class='ocrx_word' id='word_1_182' title='bbox 935 2448 1408 2513; x_wconf 86' lang='lat' dir='ltr'>arbitrarentur</span> <span class='ocrx_word' id='word_1_183' title='bbox 1445 2448 1840 2533; x_wconf 84' lang='lat' dir='ltr'>cogitatione</span> <span class='ocrx_word' id='word_1_184' title='bbox 1876 2448 2037 2512; x_wconf 90' lang='lat' dir='ltr'>haec</span> <span class='ocrx_word' id='word_1_185' title='bbox 2076 2446 2258 2515; x_wconf 88' lang='lat' dir='ltr'>dicit:</span> <span class='ocrx_word' id='word_1_186' title='bbox 2292 2445 2505 2532; x_wconf 84' lang='lat' dir='ltr'>„Teils</span> <span class='ocrx_word' id='word_1_187' title='bbox 2547 2445 2664 2510; x_wconf 90' lang='lat' dir='ltr'>hat</span> <span class='ocrx_word' id='word_1_188' title='bbox 2693 2444 2786 2510; x_wconf 85' lang='lat' dir='ltr'>sie</span> 
     </span>
     <span class='ocr_line' id='line_1_21' title="bbox 440 2551 2785 2640; baseline 0 -21"><span class='ocrx_word' id='word_1_189' title='bbox 440 2555 605 2620; x_wconf 91' lang='lat' dir='ltr'>auch</span> <span class='ocrx_word' id='word_1_190' title='bbox 641 2578 726 2620; x_wconf 90' lang='lat' dir='ltr'>an</span> <span class='ocrx_word' id='word_1_191' title='bbox 762 2555 904 2619; x_wconf 89' lang='lat' dir='ltr'>sich</span> <span class='ocrx_word' id='word_1_192' title='bbox 939 2556 1146 2621; x_wconf 87' lang='lat' dir='ltr'>selbst</span> <span class='ocrx_word' id='word_1_193' title='bbox 1181 2554 1272 2619; x_wconf 91' lang='lat' dir='ltr'>im</span> <span class='ocrx_word' id='word_1_194' title='bbox 1311 2553 1654 2640; x_wconf 80' lang='lat' dir='ltr'>Cynismus</span> <span class='ocrx_word' id='word_1_195' title='bbox 1694 2555 1881 2620; x_wconf 90' lang='lat' dir='ltr'>mehr</span> <span class='ocrx_word' id='word_1_196' title='bbox 1915 2577 2041 2619; x_wconf 86' lang='lat' dir='ltr'>nur</span> <span class='ocrx_word' id='word_1_197' title='bbox 2078 2554 2203 2619; x_wconf 91' lang='lat' dir='ltr'>den</span> <span class='ocrx_word' id='word_1_198' title='bbox 2237 2552 2585 2638; x_wconf 83' lang='lat' dir='ltr'>negativen</span> <span class='ocrx_word' id='word_1_199' title='bbox 2622 2551 2785 2637; x_wconf 82' lang='lat' dir='ltr'>sinn,</span> 
     </span>
     <span class='ocr_line' id='line_1_22' title="bbox 439 2658 2787 2747; baseline -0.001 -21"><span class='ocrx_word' id='word_1_200' title='bbox 439 2661 542 2726; x_wconf 89' lang='lat' dir='ltr'>die</span> <span class='ocrx_word' id='word_1_201' title='bbox 579 2661 1136 2747; x_wconf 66' lang='lat' dir='ltr'>unabhangigkeit</span> <span class='ocrx_word' id='word_1_202' title='bbox 1181 2662 1291 2727; x_wconf 87' lang='lat' dir='ltr'>des</span> <span class='ocrx_word' id='word_1_203' title='bbox 1329 2661 1763 2747; x_wconf 90' lang='lat' dir='ltr'>philosophen</span> <span class='ocrx_word' id='word_1_204' title='bbox 1798 2683 1950 2726; x_wconf 86' lang='lat' dir='ltr'>vom</span> <span class='ocrx_word' id='word_1_205' title='bbox 1986 2660 2320 2726; x_wconf 81' lang='lat' dir='ltr'>vaterland</span> <span class='ocrx_word' id='word_1_206' title='bbox 2355 2660 2491 2724; x_wconf 91' lang='lat' dir='ltr'>und</span> <span class='ocrx_word' id='word_1_207' title='bbox 2525 2658 2787 2743; x_wconf 87' lang='lat' dir='ltr'>heimat,</span> 
     </span>
     <span class='ocr_line' id='line_1_23' title="bbox 439 2752 2789 2854; baseline -0.001 -21"><span class='ocrx_word' id='word_1_208' title='bbox 439 2769 624 2834; x_wconf 87' lang='lat' dir='ltr'>nicht</span> <span class='ocrx_word' id='word_1_209' title='bbox 669 2770 794 2833; x_wconf 91' lang='lat' dir='ltr'>den</span> <span class='ocrx_word' id='word_1_210' title='bbox 826 2769 1170 2854; x_wconf 76' lang='lat' dir='ltr'>positiven⁷</span> <span class='ocrx_word' id='word_1_211' title='bbox 1217 2768 1318 2832; x_wconf 90' lang='lat' dir='ltr'>die</span> <span class='ocrx_word' id='word_1_212' title='bbox 1359 2768 1773 2833; x_wconf 84' lang='lat' dir='ltr'>wesentliche</span> <span class='ocrx_word' id='word_1_213' title='bbox 1811 2752 2593 2853; x_wconf 65' lang='lat' dir='ltr'>zusammengehssrigkeit</span> <span class='ocrx_word' id='word_1_214' title='bbox 2629 2766 2789 2830; x_wconf 86' lang='lat' dir='ltr'>aller</span> 
     </span>
     <span class='ocr_line' id='line_1_24' title="bbox 443 2874 2789 2960; baseline -0.001 -20"><span class='ocrx_word' id='word_1_215' title='bbox 443 2876 788 2940; x_wconf 90' lang='lat' dir='ltr'>menschen</span> <span class='ocrx_word' id='word_1_216' title='bbox 841 2875 1378 2940; x_wconf 69' lang='lat' dir='ltr'>auszudrfickenf‘</span> <span class='ocrx_word' id='word_1_217' title='bbox 1477 2874 1845 2940; x_wconf 89' lang='lat' dir='ltr'>Stoicorum</span> <span class='ocrx_word' id='word_1_218' title='bbox 1897 2874 2105 2960; x_wconf 90' lang='lat' dir='ltr'>igitur</span> <span class='ocrx_word' id='word_1_219' title='bbox 2156 2878 2257 2939; x_wconf 87' lang='lat' dir='ltr'>est</span> <span class='ocrx_word' id='word_1_220' title='bbox 2308 2876 2789 2958; x_wconf 81' lang='grc' dir='ltr'><strong><em>κοσμοπολίτης</em></strong></span> 
     </span>
     <span class='ocr_line' id='line_1_25' title="bbox 439 2979 2785 3067; baseline -0.001 -21"><span class='ocrx_word' id='word_1_221' title='bbox 439 2981 576 3047; x_wconf 89' lang='lat' dir='ltr'>ille:</span> <span class='ocrx_word' id='word_1_222' title='bbox 617 2982 728 3067; x_wconf 89' lang='lat' dir='ltr'>qui</span> <span class='ocrx_word' id='word_1_223' title='bbox 758 2982 1146 3067; x_wconf 89' lang='lat' dir='ltr'>ubicumque</span> <span class='ocrx_word' id='word_1_224' title='bbox 1174 2981 1363 3047; x_wconf 90' lang='lat' dir='ltr'>nobis</span> <span class='ocrx_word' id='word_1_225' title='bbox 1394 2980 1693 3066; x_wconf 87' lang='lat' dir='ltr'>occurrit,</span> <span class='ocrx_word' id='word_1_226' title='bbox 1733 2980 1951 3048; x_wconf 90' lang='lat' dir='ltr'>Stoica</span> <span class='ocrx_word' id='word_1_227' title='bbox 1977 2982 2047 3046; x_wconf 90' lang='lat' dir='ltr'>in</span> <span class='ocrx_word' id='word_1_228' title='bbox 2074 2981 2370 3046; x_wconf 87' lang='lat' dir='ltr'>manibus</span> <span class='ocrx_word' id='word_1_229' title='bbox 2398 3002 2518 3045; x_wconf 89' lang='lat' dir='ltr'>nos</span> <span class='ocrx_word' id='word_1_230' title='bbox 2545 2979 2785 3044; x_wconf 87' lang='lat' dir='ltr'>habere</span> 
     </span>
     <span class='ocr_line' id='line_1_26' title="bbox 439 3086 2783 3175; baseline -0.002 -20"><span class='ocrx_word' id='word_1_231' title='bbox 439 3112 702 3155; x_wconf 88' lang='lat' dir='ltr'>necesse</span> <span class='ocrx_word' id='word_1_232' title='bbox 749 3093 850 3155; x_wconf 88' lang='lat' dir='ltr'>est</span> <span class='ocrx_word' id='word_1_233' title='bbox 893 3092 1194 3174; x_wconf 89' lang='lat' dir='ltr'>putemus</span> <span class='ocrx_word' id='word_1_234' title='bbox 1238 3124 1314 3135; x_wconf 88' lang='lat'>-</span> <span class='ocrx_word' id='word_1_235' title='bbox 1357 3087 1492 3153; x_wconf 84' lang='lat' dir='ltr'>sive</span> <span class='ocrx_word' id='word_1_236' title='bbox 1539 3087 1786 3153; x_wconf 88' lang='lat' dir='ltr'>dictum</span> <span class='ocrx_word' id='word_1_237' title='bbox 1829 3088 1960 3153; x_wconf 89' lang='lat' dir='ltr'>tale</span> <span class='ocrx_word' id='word_1_238' title='bbox 1996 3088 2276 3175; x_wconf 86' lang='lat' dir='ltr'>Diogeni</span> <span class='ocrx_word' id='word_1_239' title='bbox 2317 3086 2555 3175; x_wconf 89' lang='lat' dir='ltr'>(Laert.</span> <span class='ocrx_word' id='word_1_240' title='bbox 2594 3086 2783 3171; x_wconf 91' lang='lat' dir='ltr'>Diog.</span> 
     </span>
     <span class='ocr_line' id='line_1_27' title="bbox 439 3192 2785 3282; baseline -0.001 -21"><span class='ocrx_word' id='word_1_241' title='bbox 439 3196 552 3282; x_wconf 85' lang='lat' dir='ltr'>VI,</span> <span class='ocrx_word' id='word_1_242' title='bbox 584 3198 699 3282; x_wconf 77' lang='lat'>633</span> <span class='ocrx_word' id='word_1_243' title='bbox 745 3196 821 3262; x_wconf 87' lang='lat' dir='ltr'>cf.</span> <span class='ocrx_word' id='word_1_244' title='bbox 857 3198 966 3275; x_wconf 80' lang='lat'>72)</span> <span class='ocrx_word' id='word_1_245' title='bbox 1013 3195 1147 3261; x_wconf 83' lang='lat' dir='ltr'>sive</span> <span class='ocrx_word' id='word_1_246' title='bbox 1195 3194 1561 3281; x_wconf 84' lang='lat' dir='ltr'>Chrysippo</span> <span class='ocrx_word' id='word_1_247' title='bbox 1606 3195 1924 3262; x_wconf 82' lang='lat' dir='ltr'>tribuitur</span> <span class='ocrx_word' id='word_1_248' title='bbox 1968 3197 2109 3281; x_wconf 89' lang='lat' dir='ltr'>(qui</span> <span class='ocrx_word' id='word_1_249' title='bbox 2152 3218 2272 3281; x_wconf 91' lang='lat' dir='ltr'>pro</span> <span class='ocrx_word' id='word_1_250' title='bbox 2311 3192 2595 3261; x_wconf 81' lang='lat' dir='ltr'>Chabria</span> <span class='ocrx_word' id='word_1_251' title='bbox 2640 3217 2785 3259; x_wconf 90' lang='lat' dir='ltr'>cum</span> 
     </span>
     <span class='ocr_line' id='line_1_28' title="bbox 438 3298 2783 3387; baseline -0.001 -20"><span class='ocrx_word' id='word_1_252' title='bbox 438 3298 938 3374; x_wconf 82' lang='lat' dir='ltr'>Wachsmuthio</span> <span class='ocrx_word' id='word_1_253' title='bbox 977 3301 1308 3387; x_wconf 89' lang='lat' dir='ltr'>Apophth.</span> <span class='ocrx_word' id='word_1_254' title='bbox 1330 3302 1607 3367; x_wconf 88' lang='lat' dir='ltr'>Vindob.</span> <span class='ocrx_word' id='word_1_255' title='bbox 1645 3304 1773 3369; x_wconf 86' lang='lat'>150</span> <span class='ocrx_word' id='word_1_256' title='bbox 1808 3307 1875 3367; x_wconf 91' lang='lat' dir='ltr'>et</span> <span class='ocrx_word' id='word_1_257' title='bbox 1904 3301 2133 3369; x_wconf 77' lang='lat' dir='ltr'>Gnom.</span> <span class='ocrx_word' id='word_1_258' title='bbox 2162 3302 2368 3368; x_wconf 89' lang='lat' dir='ltr'>Vatic.</span> <span class='ocrx_word' id='word_1_259' title='bbox 2399 3302 2496 3366; x_wconf 90' lang='lat' dir='ltr'>ed.</span> <span class='ocrx_word' id='word_1_260' title='bbox 2533 3299 2783 3366; x_wconf 89' lang='lat' dir='ltr'>Sternb.</span> 
     </span>
     <span class='ocr_line' id='line_1_29' title="bbox 441 3408 2786 3495; baseline -0.001 -19"><span class='ocrx_word' id='word_1_261' title='bbox 441 3410 680 3489; x_wconf 77' lang='lat' dir='ltr'>(Wcu.</span> <span class='ocrx_word' id='word_1_262' title='bbox 714 3412 870 3476; x_wconf 80' lang='lat' dir='ltr'>stud.</span> <span class='ocrx_word' id='word_1_263' title='bbox 908 3409 1032 3495; x_wconf 90' lang='lat' dir='ltr'>XI)</span> <span class='ocrx_word' id='word_1_264' title='bbox 1077 3433 1137 3474; x_wconf 81' lang='lat' dir='ltr'>n</span> <span class='ocrx_word' id='word_1_265' title='bbox 1179 3410 1308 3476; x_wconf 84' lang='lat'>559</span> <span class='ocrx_word' id='word_1_266' title='bbox 1355 3409 1761 3494; x_wconf 88' lang='lat' dir='ltr'>reponendus</span> <span class='ocrx_word' id='word_1_267' title='bbox 1808 3414 1950 3491; x_wconf 90' lang='lat' dir='ltr'>est).</span> <span class='ocrx_word' id='word_1_268' title='bbox 2033 3408 2260 3495; x_wconf 89' lang='lat' dir='ltr'>Neque</span> <span class='ocrx_word' id='word_1_269' title='bbox 2306 3409 2479 3475; x_wconf 89' lang='lat' dir='ltr'>enim</span> <span class='ocrx_word' id='word_1_270' title='bbox 2525 3412 2625 3474; x_wconf 85' lang='lat' dir='ltr'>est</span> <span class='ocrx_word' id='word_1_271' title='bbox 2672 3432 2786 3473; x_wconf 90' lang='lat' dir='ltr'>cur</span> 
     </span>
     <span class='ocr_line' id='line_1_30' title="bbox 442 3514 2787 3603; baseline 0.001 -25"><span class='ocrx_word' id='word_1_272' title='bbox 442 3515 694 3581; x_wconf 85' lang='lat' dir='ltr'>mireris</span> <span class='ocrx_word' id='word_1_273' title='bbox 723 3516 898 3601; x_wconf 88' lang='lat' dir='ltr'>quod</span> <span class='ocrx_word' id='word_1_274' title='bbox 915 3515 1195 3601; x_wconf 87' lang='lat' dir='ltr'>Diogeni</span> <span class='ocrx_word' id='word_1_275' title='bbox 1217 3514 1584 3581; x_wconf 89' lang='lat' dir='ltr'>Stoicorum</span> <span class='ocrx_word' id='word_1_276' title='bbox 1603 3516 1961 3583; x_wconf 86' lang='lat' dir='ltr'>sententiae</span> <span class='ocrx_word' id='word_1_277' title='bbox 1981 3516 2371 3603; x_wconf 85' lang='lat' dir='ltr'>tribuantur,</span> <span class='ocrx_word' id='word_1_278' title='bbox 2401 3538 2548 3582; x_wconf 90' lang='lat' dir='ltr'>cum</span> <span class='ocrx_word' id='word_1_279' title='bbox 2568 3514 2787 3601; x_wconf 83' lang='lat' dir='ltr'>Stoici,</span> 
     </span>
     <span class='ocr_line' id='line_1_31' title="bbox 443 3622 2789 3709; baseline 0.001 -24"><span class='ocrx_word' id='word_1_280' title='bbox 443 3625 636 3706; x_wconf 90' lang='lat' dir='ltr'>atque</span> <span class='ocrx_word' id='word_1_281' title='bbox 672 3623 1050 3705; x_wconf 91' lang='lat' dir='ltr'>praesertim</span> <span class='ocrx_word' id='word_1_282' title='bbox 1083 3622 1286 3689; x_wconf 84' lang='lat' dir='ltr'>Stoici</span> <span class='ocrx_word' id='word_1_283' title='bbox 1323 3624 1702 3689; x_wconf 87' lang='lat' dir='ltr'>recentioris</span> <span class='ocrx_word' id='word_1_284' title='bbox 1741 3623 1973 3689; x_wconf 70' lang='lat' dir='ltr'>aetatis</span> <span class='ocrx_word' id='word_1_285' title='bbox 1988 3624 2035 3704; x_wconf 88' lang='lat' dir='ltr'>l)</span> <span class='ocrx_word' id='word_1_286' title='bbox 2065 3622 2380 3709; x_wconf 83' lang='lat' dir='ltr'>Cynicum</span> <span class='ocrx_word' id='word_1_287' title='bbox 2416 3622 2789 3709; x_wconf 82' lang='lat' dir='ltr'>putaverint</span> 
     </span>
     <span class='ocr_line' id='line_1_32' title="bbox 441 3727 2785 3818; baseline 0.001 -26"><span class='ocrx_word' id='word_1_288' title='bbox 441 3727 824 3812; x_wconf 86' lang='lat' dir='ltr'>respondere</span> <span class='ocrx_word' id='word_1_289' title='bbox 871 3729 1187 3815; x_wconf 88' lang='lat' dir='ltr'>singulari</span> <span class='ocrx_word' id='word_1_290' title='bbox 1225 3730 1480 3797; x_wconf 88' lang='lat' dir='ltr'>cuidam</span> <span class='ocrx_word' id='word_1_291' title='bbox 1523 3730 1939 3816; x_wconf 85' lang='lat' dir='ltr'>perfectionis</span> <span class='ocrx_word' id='word_1_292' title='bbox 1995 3731 2283 3818; x_wconf 86' lang='lat' dir='ltr'>imagini,</span> <span class='ocrx_word' id='word_1_293' title='bbox 2331 3754 2525 3817; x_wconf 89' lang='lat' dir='ltr'>quam</span> <span class='ocrx_word' id='word_1_294' title='bbox 2572 3731 2785 3795; x_wconf 82' lang='lat' dir='ltr'>auimo</span> 
     </span>
     <span class='ocr_line' id='line_1_33' title="bbox 443 3832 2785 3925; baseline 0 -26"><span class='ocrx_word' id='word_1_295' title='bbox 443 3838 868 3918; x_wconf 86' lang='lat' dir='ltr'>conceperant</span> <span class='ocrx_word' id='word_1_296' title='bbox 904 3832 1249 3922; x_wconf 86' lang='lat' dir='ltr'>(cf.Epict.</span> <span class='ocrx_word' id='word_1_297' title='bbox 1289 3838 1584 3923; x_wconf 80' lang='lat' dir='ltr'>diss.111‚</span> <span class='ocrx_word' id='word_1_298' title='bbox 1615 3840 1700 3904; x_wconf 93' lang='grc'>22</span> <span class='ocrx_word' id='word_1_299' title='bbox 1736 3836 1929 3925; x_wconf 61' lang='lat' dir='ltr'>„uzol</span> <span class='ocrx_word' id='word_1_300' title='bbox 1964 3840 2329 3925; x_wconf 81' lang='grc' dir='ltr'><strong><em>κυνισμοῢ“</em></strong></span> <span class='ocrx_word' id='word_1_301' title='bbox 2362 3836 2785 3921; x_wconf 82' lang='lat' dir='ltr'>inscriptam).</span> 
     </span>
     <span class='ocr_line' id='line_1_34' title="bbox 437 3940 2787 4026; baseline -0 -19"><span class='ocrx_word' id='word_1_302' title='bbox 437 3940 657 4026; x_wconf 91' lang='lat' dir='ltr'>Atque</span> <span class='ocrx_word' id='word_1_303' title='bbox 685 3941 852 4005; x_wconf 90' lang='lat' dir='ltr'>hanc</span> <span class='ocrx_word' id='word_1_304' title='bbox 881 3940 1245 4009; x_wconf 90' lang='lat' dir='ltr'>Stoicorum</span> <span class='ocrx_word' id='word_1_305' title='bbox 1279 3944 1457 4010; x_wconf 88' lang='lat' dir='ltr'>illius</span> <span class='ocrx_word' id='word_1_306' title='bbox 1488 3944 1847 4011; x_wconf 86' lang='lat' dir='ltr'>sententiae</span> <span class='ocrx_word' id='word_1_307' title='bbox 1883 3945 2161 4011; x_wconf 86' lang='lat' dir='ltr'>formam</span> <span class='ocrx_word' id='word_1_308' title='bbox 2188 3945 2433 4011; x_wconf 88' lang='lat' dir='ltr'>etiam</span> <span class='ocrx_word' id='word_1_309' title='bbox 2413 3968 2484 4011; x_wconf 89' lang='lat' dir='ltr'>m</span> <span class='ocrx_word' id='word_1_310' title='bbox 2512 3942 2787 4010; x_wconf 84' lang='lat' dir='ltr'>Senecae</span> 
     </span>
     <span class='ocr_line' id='line_1_35' title="bbox 439 4047 2788 4139; baseline 0.001 -26"><span class='ocrx_word' id='word_1_311' title='bbox 439 4047 880 4114; x_wconf 84' lang='lat' dir='ltr'>consolatione</span> <span class='ocrx_word' id='word_1_312' title='bbox 915 4048 1277 4117; x_wconf 84' lang='lat' dir='ltr'>invenimus</span> <span class='ocrx_word' id='word_1_313' title='bbox 1324 4074 1474 4118; x_wconf 90' lang='lat' dir='ltr'>cum</span> <span class='ocrx_word' id='word_1_314' title='bbox 1509 4052 1704 4119; x_wconf 88' lang='lat' dir='ltr'>exilio</span> <span class='ocrx_word' id='word_1_315' title='bbox 1742 4052 2151 4120; x_wconf 87' lang='lat' dir='ltr'>coniunctam</span> <span class='ocrx_word' id='word_1_316' title='bbox 2198 4075 2245 4119; x_wconf 90' lang='lat' dir='ltr'>c.</span> <span class='ocrx_word' id='word_1_317' title='bbox 2289 4056 2393 4139; x_wconf 86' lang='lat'>11,</span> <span class='ocrx_word' id='word_1_318' title='bbox 2432 4055 2497 4118; x_wconf 82' lang='lat'>7:</span> <span class='ocrx_word' id='word_1_319' title='bbox 2540 4053 2788 4133; x_wconf 75' lang='lat' dir='ltr'>ideoque</span> 
     </span>
    </p>
   </div>
   <div class='ocr_carea' id='block_1_3' title="bbox 442 4211 869 4221">
    <p class='ocr_par' dir='ltr' id='par_1_3' title="bbox 442 4211 869 4221">
     <span class='ocr_line' id='line_1_36' title="bbox 442 4211 869 4221; baseline 0 0"><span class='ocrx_word' id='word_1_320' title='bbox 442 4211 869 4221; x_wconf 95' lang='lat' dir='ltr'> </span> 
     </span>
    </p>
   </div>
   <div class='ocr_carea' id='block_1_4' title="bbox 584 4315 2783 4385">
    <p class='ocr_par' dir='ltr' id='par_1_4' title="bbox 584 4315 2783 4385">
     <span class='ocr_line' id='line_1_37' title="bbox 584 4315 2783 4385; baseline 0.002 -17"><span class='ocrx_word' id='word_1_321' title='bbox 584 4316 636 4385; x_wconf 92' lang='lat'>1)</span> <span class='ocrx_word' id='word_1_322' title='bbox 671 4315 870 4384; x_wconf 89' lang='lat' dir='ltr'>Itaque</span> <span class='ocrx_word' id='word_1_323' title='bbox 907 4317 1058 4371; x_wconf 88' lang='lat' dir='ltr'>recte</span> <span class='ocrx_word' id='word_1_324' title='bbox 1098 4316 1168 4370; x_wconf 87' lang='lat' dir='ltr'>de</span> <span class='ocrx_word' id='word_1_325' title='bbox 1207 4315 1360 4372; x_wconf 88' lang='lat' dir='ltr'>dicto</span> <span class='ocrx_word' id='word_1_326' title='bbox 1386 4316 1487 4371; x_wconf 87' lang='lat' dir='ltr'>illo</span> <span class='ocrx_word' id='word_1_327' title='bbox 1518 4317 1761 4373; x_wconf 85' lang='lat' dir='ltr'>adnotat</span> <span class='ocrx_word' id='word_1_328' title='bbox 1787 4317 2099 4373; x_wconf 84' lang='lat' dir='ltr'>Sternbach</span> <span class='ocrx_word' id='word_1_329' title='bbox 2127 4317 2203 4373; x_wconf 88' lang='lat' dir='ltr'>ad</span> <span class='ocrx_word' id='word_1_330' title='bbox 2230 4317 2426 4373; x_wconf 81' lang='lat' dir='ltr'>Gnom.</span> <span class='ocrx_word' id='word_1_331' title='bbox 2455 4315 2639 4372; x_wconf 87' lang='lat' dir='ltr'>Vatic.</span> <span class='ocrx_word' id='word_1_332' title='bbox 2668 4316 2705 4373; x_wconf 88' lang='lat'>1.</span> <span class='ocrx_word' id='word_1_333' title='bbox 2736 4333 2783 4373; x_wconf 88' lang='lat' dir='ltr'>c.</span> 
     </span>
    </p>
   </div>
   <div class='ocr_carea' id='block_1_5' title="bbox 441 4402 2785 4553">
    <p class='ocr_par' dir='ltr' id='par_1_5' title="bbox 441 4402 2785 4553">
     <span class='ocr_line' id='line_1_38' title="bbox 441 4402 2785 4479; baseline 0.001 -22"><span class='ocrx_word' id='word_1_334' title='bbox 441 4402 791 4473; x_wconf 82' lang='lat' dir='ltr'>„Stoicorum</span> <span class='ocrx_word' id='word_1_335' title='bbox 827 4404 979 4459; x_wconf 88' lang='lat' dir='ltr'>enim</span> <span class='ocrx_word' id='word_1_336' title='bbox 1015 4408 1104 4461; x_wconf 85' lang='lat' dir='ltr'>est</span> <span class='ocrx_word' id='word_1_337' title='bbox 1141 4406 1350 4477; x_wconf 85' lang='lat' dir='ltr'>dogma</span> <span class='ocrx_word' id='word_1_338' title='bbox 1380 4405 1640 4476; x_wconf 81' lang='lat' dir='ltr'>inprimis</span> <span class='ocrx_word' id='word_1_339' title='bbox 1678 4424 1715 4462; x_wconf 90' lang='lat' dir='ltr'>a</span> <span class='ocrx_word' id='word_1_340' title='bbox 1748 4406 2151 4479; x_wconf 80' lang='lat' dir='ltr'>posterioribus</span> <span class='ocrx_word' id='word_1_341' title='bbox 2189 4406 2413 4463; x_wconf 82' lang='lat' dir='ltr'>Stoicae</span> <span class='ocrx_word' id='word_1_342' title='bbox 2450 4404 2785 4477; x_wconf 85' lang='lat' dir='ltr'>disciplinae</span> 
     </span>
     <span class='ocr_line' id='line_1_39' title="bbox 443 4491 1138 4553; baseline 0.009 -7"><span class='ocrx_word' id='word_1_343' title='bbox 443 4491 682 4547; x_wconf 84' lang='lat' dir='ltr'>alumnis</span> <span class='ocrx_word' id='word_1_344' title='bbox 723 4494 1138 4553; x_wconf 84' lang='lat' dir='ltr'>decantatum“.</span> 
     </span>
    </p>
   </div>
   <div class='ocr_carea' id='block_1_6' title="bbox 2322 4592 2358 4641">
    <p class='ocr_par' dir='ltr' id='par_1_6' title="bbox 2322 4592 2358 4641">
     <span class='ocr_line' id='line_1_40' title="bbox 2322 4592 2358 4641; baseline 0 0"><span class='ocrx_word' id='word_1_345' title='bbox 2322 4592 2358 4641; x_wconf 84' lang='lat'>4</span> 
     </span>
    </p>
   </div>
   <div class='ocr_carea' id='block_1_7' title="bbox 3301 1444 3304 2111">
    <p class='ocr_par' dir='ltr' id='par_1_7' title="bbox 3301 1444 3304 2111">
     <span class='ocr_line' id='line_1_41' title="bbox 3301 1444 3304 2111; baseline 0 0"><span class='ocrx_word' id='word_1_346' title='bbox 3301 1444 3304 2111; x_wconf 95' lang='lat' dir='ltr'> </span> 
     </span>
    </p>
   </div>
  </div>
 </body>
</html>
