3309 5167
421 534 712 599 minusve
749 537 1003 599 mutata
1037 531 1357 617 valebant,
1394 530 1618 595 referri
1655 529 1910 614 possint
1947 530 2028 594 ad
2064 529 2336 594 Bionem
2372 529 2475 595 vel
2510 528 2762 624 Aristo-

416 664 565 705 nem
601 640 694 705 ita
739 645 814 705 ut
857 644 1085 705 nostra
1131 662 1384 724 quoque
1433 642 1545 702 aut
1590 638 1673 702 ab
1719 637 1823 703 his
1860 636 2020 722 ipsis
2066 636 2329 719 inventa
2363 641 2477 701 aut
2513 635 2583 700 in
2620 658 2762 700 eam

420 748 696 812 formam
740 747 1002 811 redacta
1045 748 1204 832 sint,
1258 769 1450 830 quam
1496 746 1667 831 apud
1712 744 2087 811 recentioris
2134 744 2367 809 aetatis
2415 742 2762 828 scriptores

421 854 802 919 invenimus.
2700 854 2706 860 “

597 961 738 1026 Iam
794 960 995 1045 igitur
1051 961 1131 1025 ad
1188 960 1590 1025 Plutarchi
1646 982 1695 1025 c.
1738 963 1774 1025 7
1838 964 2236 1025 revertamur
2250 956 2327 1047 ¹),
2392 958 2506 1023 ubi
2560 980 2766 1042 pauca

423 1067 756 1133 adicienda
819 1071 1007 1131 erunt
1071 1067 1148 1131 de
1214 1065 1602 1151 exemplis.
1709 1066 1883 1143 Quae
1944 1066 2117 1130 enim
2175 1066 2344 1150 apud
2404 1064 2766 1149 Stilponem

422 1174 760 1239 Phoenicis
797 1173 1376 1259 Themistoclisque
1420 1172 1729 1258 exemplis
1768 1173 2033 1257 probari
2070 1172 2509 1258 cognovimus,
2543 1173 2765 1235 eadem

423 1286 498 1346 ut
543 1283 1063 1346 demonstrentur
1116 1280 1224 1345 hic
1277 1282 1534 1365 praeter
1587 1279 2114 1366 Themistoclem,
2171 1279 2283 1364 qui
2334 1280 2506 1363 apud
2550 1278 2767 1343 Muso-

422 1387 604 1452 nium
659 1397 912 1472 quoque
967 1386 1232 1471 legitur,
1295 1387 1666 1453 Demetrius
1730 1391 1796 1452 et
1858 1386 2181 1473 Diogenes
2250 1387 2633 1471 afferuntur-3
2697 1386 2768 1450 in

422 1494 718 1559 Phalerei
772 1495 989 1559 locum
1033 1495 1203 1577 apud
1249 1494 1614 1558 Romanum
1670 1492 1953 1559 succedit
1998 1497 2189 1559 Δίων
2244 1494 2279 1559 ὁ
2326 1496 2766 1580 Συρακόσιος,

427 1602 529 1667 6111
575 1588 795 1667 Ulixes
845 1601 1244 1687 adiungitur,
1299 1600 1536 1686 quippe
1583 1600 1696 1685 qui
1742 1604 1989 1678 παντὸς
2044 1601 2347 1685 φυγάδος
2400 1602 2491 1679 ὡς
2544 1603 2628 1667 ἀν
2672 1625 2774 1678 τις

426 1716 597 1775 εἰ’ποι
665 1709 1079 1795 ἀθλιώτερον
1148 1710 1560 1794 διακείμενος
1628 1712 1848 1773 tamen
1915 1708 2201 1794 potuerit
2258 1712 2416 1785 τοὺς
2478 1712 2775 1784 Φαίακας

423 1820 954 1903 χρηματίσασθαι
1011 1816 1348 1901 ἀφθόνως.
1429 1814 1572 1892 ‘Qui
1637 1814 1834 1879 etiam
1882 1814 2056 1879 'alibi
2119 1814 2419 1879 similiter
2472 1814 2775 1879 laudatur

424 1924 494 1987 in
538 1924 750 2008 Epict.
794 1923 946 1988 diss.
983 1922 1099 2008 ΙΠ,
1129 1924 1232 2007 26,-
1262 1924 1374 1987 33:
1424 1922 1532 1987 ὅτε
1567 1920 2257 2007 ναύαγοςέξερρίφθη
2296 1923 2385 2006 μή
2422 1946 2485 1987 τι
2523 1920 2775 1987 ἐταπεί-

423 2048 640 2097 νωσεν
686 2031 894 2096 αὐτὸν
938 2030 978 2113 ἡ
1026 2030 1295 2115 ἀπορίας
1341 2030 1430 2113 μή
1466 2052 1528 2093 τι
1569 2027 1949 2107 ἐπέκλασεν;
1998 2028 2164 2095 ἀλλὰ
2200 2039 2340 2106 πῶς
2376 2027 2571 2115 ἀπῄει
2608 2032 2773 2116 πρὸς

425 2139 542 2216 τὰς
586 2137 970 2225 παρθένους
1015 2139 1304 2220 αἰτήσων
1357 2136 1438 2200 τὰ
1494 2135 1847 2221 ἀναγκαῖα,
1904 2130 2000 2202 ὧν
2052 2142 2392 2221 αἴσχιστον
2444 2131 2614 2202 εἶναι
2663 2138 2772 2202 δο-

425 2258 532 2311 κεῖ
574 2247 841 2311 δεῖσθαι
888 2242 1039 2331 παρ’
1093 2246 1330 2323 ἄλλου;

855 2352 1020 2417 ὥστε
1065 2349 1236 2418 λέων
1282 2352 1715 2439 ὀρεσίτροφος
1760 2346 1909 2417 ἀλκὶ
1954 2348 2379 2439 πεποιθώςὲὶ)

579 2602 632 2669 1)
669 2596 775 2653 Ι)10
805 2599 1088 2668 Chrysost.
1125 2598 1187 2651 in
1215 2615 1292 2653 or.
1321 2598 1468 2652 XLV
1495 2617 1550 2668 p.
1581 2603 1682 2653 201
1704 2598 1755 2651 R
1781 2598 1833 2651 II
1868 2597 2159 2668 gloriatur,
2198 2598 2297 2667 qui
2324 2598 2562 2667 exilium
2581 2598 2778 2654 tulerit

433 2688 504 2757 μὴ
573 2691 751 2756 φίλων
817 2683 1048 2759 ἐρημίας
1109 2686 1398 2757 ἡττηθείς,
1461 2686 1544 2757 μὴ
1601 2686 1962 2757 χρημάτων
2018 2688 2339 2759 ἀπορίας,
2396 2687 2469 2757 μὴ
2527 2690 2776 2759 σώματος

433 2776 750 2838 ἀσθενείας.

574 2867 628 2933 2)
665 2864 785 2917 Hoc
812 2865 937 2919 loco
965 2863 1146 2919 Ulixis
1175 2864 1490 2933 exemplum
1520 2881 1646 2917 cum
1673 2863 1912 2919 Hercule
1942 2864 2033 2933 (cf.
2064 2864 2188 2921 Sen.
2220 2865 2353 2921 dial.
2383 2866 2451 2935 H,
2482 2872 2530 2935 2,
2562 2870 2615 2934 2)
2644 2884 2772 2921 con-

431 2952 700 3021 iunctum,
739 2952 853 3021 qui,
891 2970 1233 3022 quamquam
1271 2953 1408 3007 deus
1446 2952 1499 3007 ei
1533 2970 1645 3007 non
1682 2953 1859 3007 πολλὰ
1898 2954 1998 3007 οὐκ
2027 2954 2265 3022 ἄφθονα
2294 2963 2544 3025 παρεῖχε,
2582 2958 2775 3010 tamen

430 3042 612 3111 magis
654 3058 753 3095 rex
789 3046 912 3096 erat
947 3060 1118 3110 quam
1153 3042 1515 3111 Eurystheus.
1589 3042 1837 3111 Uterque
1872 3042 1934 3095 in
1970 3043 2293 3098 universum
2331 3045 2648 3115 exemplum
2685 3048 2773 3099 est

429 3131 608 3185 exulis
649 3130 782 3187 diss.
822 3132 917 3201 ΙΠ,
957 3136 1043 3201 24,
1083 3137 1175 3187 13:
1216 3132 1359 3185 alter
1398 3130 1547 3185 enim

819 3242 1050 3293 Πολλῶν
1088 3236 1144 3293 δ’
1187 3238 1507 3309 ἀνθρώπων
1547 3239 1669 3293 ἴδεν
1707 3238 1879 3293 ἄστεα
1914 3238 2012 3293 καὶ
2049 3238 2184 3294 νόον
2222 3236 2363 3309 ἔγνω

431 3329 666 3383 alterum

814 3415 1150 3489 Ἀνθρώπων
1185 3418 1349 3487 ὑβρίν
1385 3436 1444 3471 τε
1481 3416 1580 3471 καὶ
1617 3419 1884 3487 εὐνομίην
1923 3412 2217 3489 ἐφορῶντα

439 3524 659 3578 scimus.
734 3525 941 3580 Contra
976 3524 1125 3579 inter
1160 3541 1253 3594 ea,
1292 3540 1437 3592 quae
1473 3526 1538 3577 ut
1574 3524 1806 3578 exilium
1842 3524 2056 3577 malum
2091 3508 2335 3595 putaret,
2374 3526 2776 3579 commoverint

432 3612 668 3666 Dionem
694 3612 874 3667 Ulixis
904 3614 1220 3683 exemplum
1251 3612 1479 3667 affertur
1507 3631 1584 3668 or.
1607 3614 1736 3667 XIII
1762 3632 1817 3683 p.
1838 3614 2027 3669 419R:
2067 3614 2276 3683 ἀνδρὸς
2312 3612 2490 3684 ἥρωος
2518 3616 2775 3684 οὐδαμῶς

433 3722 491 3757 τε
547 3701 831 3757 ἀδυνάτου
885 3711 1174 3775 καρτερεῖν
1231 3703 1442 3773 πολλά,
1495 3702 1640 3774 ὅμως
1696 3704 1905 3769 ἀνάξια
1960 3701 2217 3773 λέγοντος
2271 3704 2369 3757 καὶ
2422 3707 2775 3774 θρηνοῦντος

437 3791 693 3846 ἑκάστοτε
730 3791 885 3862 παρὰ
917 3800 982 3861 τῇ
1009 3792 1264 3865 θαλάττῃ
1293 3792 1391 3847 διὰ
1418 3792 1608 3848 πόθον
1637 3800 1735 3861 τῆς
1761 3794 2054 3863 πατρίδος;
2092 3796 2263 3862 atquc
2292 3793 2528 3847 eandem
2556 3793 2627 3846 ob
2655 3809 2775 3845 rem

433 3880 787 3950 vituperatur
829 3880 890 3934 in
935 3881 1115 3950 Epict.
1165 3882 1298 3936 diss.
1335 3882 1439 3951 ΠΙ,
1479 3886 1575 3950 24,
1615 3887 1681 3934 18
1704 3898 1851 3950 sqq.=
1891 3880 2195 3944 Ὀδυσσεὺς
2232 3879 2285 3935 εἰ
2328 3881 2431 3950 μὲν
2478 3878 2639 3935 ἔκλαε
2676 3878 2774 3933 καὶ

433 3970 678 4041 ὠδύρετο
717 3971 819 4024 οὐκ
855 3964 927 4039 ἦν
964 3969 1199 4039 ἀγαθός.
1273 3969 1526 4039 Denique
1565 3970 1712 4023 illud
1746 3971 2016 4025 virtutem
2053 3969 2206 4024 omni
2242 3970 2364 4024 1060
2402 3968 2559 4023 nasci
2598 3968 2687 4037 (cf.
2730 3986 2772 4023 ε.

430 4078 486 4129 p.
527 4062 614 4130 76)
665 4060 882 4113 duobus
928 4058 1066 4113 locis
1114 4058 1212 4129 qui
1258 4076 1327 4113 ex
1377 4061 1574 4115 eodem
1620 4060 1775 4114 fonte
1821 4054 2124 4113 fluxerunt
2156 4060 2229 4113 ad
2273 4058 2495 4113 Ulixem
2539 4058 2777 4111 refertur
2843 4127 2847 4136 Ι

430 4153 530 4219 (or.
569 4149 775 4202 XXXII
810 4167 864 4218 p.
906 4155 1008 4203 696
1028 4149 1103 4217 R3
1152 4167 1229 4206 or.
1258 4150 1489 4203 XXXIII
1524 4168 1577 4219 p.
1611 4149 1748 4203 10ss
1778 4148 1883 4218 Π),
1921 4165 2053 4201 nam
2091 4148 2120 4202 ὃ
2155 4155 2255 4217 τῆς
2284 4145 2517 4215 Ἰθάκης
2549 4149 2777 4217 πολίτης

437 4234 754 4309 ἐπόρθησεν
801 4238 980 4306 αὐτήν
1033 4238 1330 4308 (Troiam),
1377 4238 1407 4292 ὁ
1445 4246 1543 4307 τῆς
1587 4245 1790 4308 μικρᾶς
1835 4237 1933 4291 καὶ
1968 4238 2177 4303 ἀδόξου
2217 4236 2439 4306 σφόδρα
2476 4232 2651 4289 οὖσαν
2690 4237 2775 4289 εὗ-

437 4327 700 4399 ρύχωρον.
721 4358 788 4367 —-
819 4328 1074 4383 Ceterum
1112 4328 1264 4381 idem
1289 4344 1484 4381 versus
1512 4326 1842 4381 Homericus
1872 4324 2031 4396 (ὥστε
2060 4324 2215 4401 λέων.
2239 4328 2276 4395 .)
2314 4324 2464 4377 redit
2488 4344 2549 4381 π.
2570 4327 2773 4395 εὐθυμ.

435 4433 490 4483 p.
519 4421 638 4485 472,
675 4434 841 4484 quem
876 4417 1064 4471 locum
1099 4418 1250 4470 recte
1279 4416 1463 4471 Hense
1503 4417 1558 4487 (1.
1592 4433 1636 4471 c.
1666 4434 1721 4485 p.
1752 4421 1855 4470 549
1886 4415 2037 4485 adn.)
2078 4414 2205 4469 aliis
2236 4413 2582 4485 argumentis
2609 4414 2774 4467 nixus

439 4504 512 4559 ad
547 4504 778 4559 Bionem
812 4505 1017 4573 referre
1053 4506 1292 4561 videtur.
1362 4548 1370 4556 .

2316 4602 2347 4649 6
