3309 5167
1412 366 1839 438 „43ffl

455 532 715 599 Bioneis
774 524 1073 600 Gratetea
1124 533 1409 621 latere.¹)
1504 531 1906 601 Sententiam
1952 530 2231 599 Cratetis
2288 539 2362 599 ut
2416 534 2547 599 iam
2592 534 2792 619 Bory-

455 641 737 707 sthenita
799 641 1006 727 magis
1070 640 1249 707 vario
1313 662 1610 707 sermone
1674 639 2038 725 exornavit,
2100 639 2397 727 (eandem
2458 641 2657 707 habes
2722 642 2793 705 in

456 748 777 831 [Luciani]
809 748 1051 833 Cynico
1081 770 1129 813 c.
1165 750 1272 815 17:
1318 750 1505 834 ὑμεῖς
1542 745 1616 813 δὲ
1655 749 1767 814 διὰ
1794 749 1918 831 τὴν
1945 747 2377 833 εὐδαιμονίαν
2404 746 2631 815 οὐδενὶ
2658 760 2792 813 τῶν

453 855 866 941 γιγνομένων
921 846 1280 941 ἀρέσκεσθε
1331 854 1442 921 καὶ
1497 855 1711 921 πάντα
1765 854 2109 941 μέμφεσθε
2160 851 2271 919 καὶ
2324 857 2403 920 τὰ
2459 852 2581 940 μὲν
2634 877 2793 941 παρ-

457 964 616 1027 όντα
665 960 898 1048 φέρειν
943 963 1065 1028 οὐκ
1111 961 1402 1048 ἐθέλετε,
1456 974 1592 1029 τῶν
1646 959 1721 1028 δὲ
1766 963 2075 1029 ἀπόντων
2121 956 2420 1049 ἐφίεσθε)
2475 960 2571 1027 ita
2622 984 2790 1026 novo

455 1068 654 1132 etiam
700 1074 932 1135 ornatu
976 1067 1204 1134 induta
1239 1070 1368 1135 alio
1405 1069 1742 1135 Plutarchi
1778 1070 1921 1134 loco
1959 1068 2288 1134 invenitur
2316 1106 2399 1115 -
2429 1069 2597 1133 unde
2633 1068 2793 1133 haec

455 1178 716 1258 sumpta
749 1174 882 1239 sint
917 1178 1124 1244 adhuc
1160 1176 1230 1241 in
1267 1176 1464 1241 dubio
1502 1176 1943 1262 relinquamus
1984 1210 2051 1223 -
2086 1176 2159 1240 de
2190 1180 2391 1257 tranq.
2410 1175 2602 1239 anim.
2624 1196 2673 1239 c.
2692 1177 2790 1259 12,

456 1279 568 1344 ubi
633 1279 789 1346 item
851 1282 1328 1368 vituperantur,
1395 1283 1506 1367 qui
1573 1305 1825 1367 semper
1880 1282 2102 1347 futura
2154 1285 2487 1366 sperantes
2544 1279 2791 1347 vivant=

457 1388 578 1472 οὐχ
624 1388 854 1471 ἥκιστα
889 1394 1123 1456 τοίνυν
1159 1392 1495 1476 εὐθυμίαν
1529 1390 1796 1457 κολούει
1833 1392 1906 1455 τὸ
1944 1390 2032 1474 μὴ
2072 1386 2469 1473 συμμέτροις
2502 1381 2792 1472 χρῆσθαι

455 1498 620 1580 πρὸς
680 1497 802 1579 τὴν
864 1496 1306 1583 ὑποκειμένην
1371 1499 1661 1582 δύναμιν
1713 1497 1952 1583 ,ὁρμαῖς
2020 1497 2239 1582 ὥσπερ
2296 1496 2557 1577 ἱστίοις,
2626 1493 2793 1560 ἀλλὰ

456 1604 772 1686 μειζόνων
811 1603 1202 1690 ἐφιεμένους
1229 1618 1372 1683 ταῖς
1399 1605 1659 1672 ἐλπίσιν
1688 1600 1813 1669 εἶτ’
1846 1604 2423 1689 ἀποτυγχάνοντας
2452 1604 2792 1667 αἰτιᾶσθαι

457 1709 738 1794 δαίμονα
781 1709 892 1775 καὶ
936 1714 1172 1797 τύχην,
1219 1712 1384 1779 ἀλλὰ
1430 1712 1518 1798 μὴ
1565 1712 1687 1795 τὴν
1732 1711 1955 1775 αὑτῶν
1999 1709 2402 1795 ἀβελτερίαν.
2416 1704 2469 1796 ²)

630 1816 769 1881 Iam
826 1818 1158 1883 redeamus
1215 1820 1296 1883 ad
1349 1818 1749 1903 Polynicem!
1813 1854 1886 1863 -
1945 1816 2024 1879 In
2068 1814 2167 1881 eis
2227 1838 2389 1900 quae
2437 1820 2795 1901 sequuntur

454 1921 543 2009 (p.
576 1925 704 1988 606
723 1922 814 2011 Ε)
851 1948 1014 2010 quae
1053 1926 1132 1990 de
1170 1925 1392 1990 amicis
1431 1929 1498 1989 et
1533 1925 1610 1989 de
1647 1922 1992 1989 nobilitate
2027 1921 2319 2007 queritur
2345 1920 2549 2007 ipsius
2578 1922 2792 1989 verbis

456 2034 649 2115 atque
704 2030 862 2115 ipsis
918 2030 1108 2099 factis
1165 2031 1572 2115 refelluntur,
1637 2053 1769 2095 non
1833 2029 1929 2094 ita
1991 2033 2065 2093 ut
2127 2028 2525 2114 argumentis
2588 2028 2794 2114 philo-

455 2136 810 2220 sophorum
838 2160 1014 2202 more
1053 2132 1384 2222 dispositis
1413 2136 1534 2201 Bio
1571 2140 1811 2201 utatur.
1878 2135 2053 2212 Quae
2081 2158 2303 2199 rursus
2333 2136 2543 2201 adfert
2570 2141 2797 2201 contra

454 2243 752 2308 Iocasten
791 2244 1271 2328 lamentantem,
1319 2244 1489 2329 quod
1526 2266 1659 2308 non
1693 2245 1839 2328 ipsa
1873 2243 2045 2307 faces
2082 2241 2405 2327 nuptiales
2443 2243 2795 2310 incenderit

453 2350 591 2415 filio
639 2356 706 2417 et
751 2352 923 2437 quod
957 2351 1200 2417 Ismeni
1243 2351 1440 2436 patrii
1487 2371 1657 2437 aqua
1696 2372 1844 2415 eum
1883 2349 2188 2416 defecerit
2230 2387 2304 2428 -—,
2350 2352 2441 2429 ὡς
2477 2350 2551 2417 ἐν
2569 2351 2795 2438 ’Ἀργει

455 2456 617 2541 μήθ’
669 2458 852 2545 ὕδωρ
898 2470 1034 2524 τῶν
1077 2460 1471 2543 γαμούντων
1518 2460 1677 2544 μήτε
1732 2467 1866 2545 πῦρ
1914 2457 2232 2543 ἐχόντων,
2286 2460 2365 2523 τὰ
2410 2468 2532 2525 τοῦ
2577 2460 2796 2543 τύφου

455 2566 620 2630 κακὰ
663 2563 775 2631 καὶ
819 2576 936 2651 τῆς
981 2560 1362 2654 ἀβελτερίας
1406 2576 1484 2653 τῇ
1534 2575 1714 2653 φυγῇ
1760 2569 2203 2651 περιτίθησιν.

634 2672 714 2736 Π.
761 2672 1007 2738 Eadem
1054 2674 1133 2738 de
1179 2696 1248 2739 re
1295 2673 1493 2739 etiam
1538 2673 1869 2759 superiore
1914 2672 2057 2737 loco
2106 2695 2145 2737 a
2184 2671 2533 2737 Plutarcho
2580 2672 2798 2758 agitur

460 2779 680 2843 eadem
735 2780 986 2846 ratione
1044 2777 1208 2867 (cap.
1257 2779 1298 2846 6
1349 2804 1406 2865 p.
1449 2783 1574 2846 601
1603 2778 1711 2867 O):
1784 2782 1998 2845 καίτοι
2063 2785 2358 2864 γελῶμεν
2421 2779 2543 2862 τὴν
2604 2776 2796 2863 &fisa-

460 2887 687 2971 τερίαν
719 2896 839 2951 τοῦ
868 2888 1242 2972 φάσκοντος
1278 2887 1351 2953 ἐν
1372 2885 1689 2970 Ἀθήναις
1715 2889 2021 2973 βελτίονα
2052 2888 2337 2970 σελήνην
2365 2880 2537 2951 εἶναι
2571 2896 2689 2970 τῆς
2725 2884 2798 2951 ε’ν

459 2994 804 3082 Κορίνθῳ,
831 2996 1082 3079 τρόπον
1108 2994 1258 3059 τινά
1286 2996 1360 3063 τὸ
1391 2994 1552 3059 αὐτὸ
1581 2994 1964 3080 πάσχοντες,
2002 2994 2163 3060 ὅταν
2188 2991 2661 3078 ἀμφιγνοῶμεν
2690 2990 2797 3059 ἐπὶ

602 3258 654 3327 1)
693 3257 965 3313 Similiter
1016 3258 1202 3329 Quom.
1249 3260 1394 3313 adol.
1441 3266 1582 3329 poet.
1622 3261 1751 3314 aud.
1791 3259 1904 3315 deb.
1942 3277 1996 3327 p.
2034 3264 2102 3313 21
2122 3257 2171 3310 D
2220 3257 2457 3327 singulis
2504 3260 2798 3327 poetarum

456 3346 709 3401 versibus
739 3348 1016 3402 clarorum
1043 3347 1289 3401 virorum
1318 3347 1472 3401 dicta
1501 3349 1869 3417 opponuntur.
1919 3347 2074 3412 Quae
2104 3364 2134 3401 e
2162 3348 2317 3401 fonte
2346 3346 2551 3416 Cynico
2572 3345 2799 3399 fluxisse

369 3487 371 3489 .
458 3436 607 3489 recte
654 3436 919 3507 cognovit
962 3437 1148 3491 Hense
1187 3439 1262 3507 (p.
1291 3436 1509 3507 LXXI),
1557 3453 1739 3506 neque
1776 3453 1903 3491 eum
1939 3436 2113 3507 fugit,
2172 3436 2450 3506 quaedam
2486 3434 2668 3489 redire
2706 3435 2801 3504 „in

459 3539 526 3576 eo
554 3524 842 3581 Plutarchi
878 3526 1024 3581 libro
1061 3544 1172 3595 quo
1201 3526 1447 3581 Bioneae
1485 3526 1787 3582 facundiae
1823 3544 1936 3581 non
1970 3525 2116 3581 nihil
2154 3526 2438 3581 servatum
2476 3540 2597 3579 csse
2632 3524 2799 3579 facile

463 3611 703 3683 evincas,
739 3614 800 3669 in
831 3614 986 3669 libro
1006 3616 1076 3670 de
1107 3615 1554 3686 superstitione&
1619 3615 1810 3671 Aliam
1835 3618 2056 3687 partem
2083 3616 2145 3670 in
2173 3615 2253 3670 eis
2281 3615 2614 3684 invenimuS,
2654 3632 2798 3685 quae

464 3718 633 3771 supra
667 3702 858 3756 Bionis
898 3720 1018 3759 esse
1035 3703 1442 3775 cognovimus.

530 3808 583 3859 p.
602 3797 664 3843 21
685 3790 730 3843 Ε
750 3792 889 3861 πρὸς
903 3792 964 3847 δὲ
980 3793 1077 3848 τὸν
1093 3793 1451 3864 γράψανταῃ
1455 3794 1617 3863 ,Ποτὶ
1631 3795 1729 3850 τὸν
1910 3798 1975 3852 de
2012 3814 2129 3865 cap.
2160 3812 2227 3849 ex
2263 3813 2417 3850 νηιυι.
2448 3796 2569 3850 util.
2596 3812 2650 3863 p.
2674 3794 2797 3848 ssB

457 3879 710 3949 πονηρὸν
749 3882 852 3935 οὐκ
880 3880 1152 3952 ἄχρηστον
1182 3881 1352 3939 ὅπλον
1382 3882 1420 3937 ἀ
1447 3886 1732 3953 πονηρία“
1841 3884 1922 3941 ἔτι
1966 3887 2159 3939 τοίνυν
2206 3884 2485 3957 πρόσλαβε
2522 3882 2625 3952 τὴν
2664 3888 2800 3937 Διο-

457 3967 668 4037 τρόπον
713 3969 842 4024 τινὰ
893 3973 1397 4042 συνεξομοιοῦσθαι
1432 3972 1733 4027 κελεύοντα
1840 3972 2037 4045 γένους
2112 3973 2405 4042 ἀπόφασιν
2484 3970 2798 4042 φιλόσοφον

457 4064 573 4120 τοῖς
615 4065 908 4130 πονηροῖς,
955 4060 1017 4115 τὸ
1062 4068 1162 4115 τοῦ
1199 4060 1503 4132 Διογένους
1548 4082 1733 4133 παρα-
1841 4064 2063 4131 σφόδρα
2113 4062 2210 4117 καὶ
2259 4061 2551 4131 πολιτικὴν
2597 4056 2796 4115 οὖσαν·

461 4148 652 4219 βαλεῖν
689 4145 861 4203 ἔστιν·
903 4144 1206 4220 ἐρωτηθεὶς
1241 4151 1346 4223 γὰρ
1376 4150 1524 4214 ὅπως
1551 4150 1623 4207 ἄν
1649 4172 1735 4215 τις
1840 4161 1993 4221 ,,πῶς
2030 4152 2351 4222 ἀμυνοῦμαι
2385 4151 2485 4206 τὸν
2522 4145 2799 4221 ἐχθρόν,ιι

457 4236 732 4305 ἀμύναιτο
765 4238 863 4293 τὸν
903 4234 1136 4311 ἐχθρόν·
1177 4238 1359 4309 αὐτός,
1399 4239 1527 4311 ἔφη,
1565 4241 1734 4304 καλὸς
1844 4272 1907 4281 ·-
1930 4241 2133 4309 »αὐτὸς
2159 4241 2327 4303 καλὸς
2354 4240 2612 4310 κάγαθὸς
2640 4230 2799 4310 γενό-

460 4326 713 4394 κάγαθὸς
748 4327 1060 4398 γενόμενος.
1841 4334 2060 4399 μενος.“

603 4419 658 4487 2)
710 4417 971 4472 Cratetea
1027 4436 1173 4473 novo
1236 4419 1440 4473 induta
1495 4421 1697 4473 ornatu
1763 4420 1913 4490 apud
1974 4419 2293 4476 Aristonem
2358 4418 2557 4477 Chium
2618 4420 2801 4479 redire

463 4506 712 4577 exemplo
749 4506 953 4578 probat
987 4506 1172 4565 Hense
1209 4508 1246 4566 l.
1277 4525 1322 4563 c.
1351 4526 1404 4581 p.
1438 4513 1556 4565 546.
