3309 5167
1398 412 1470 421 --
1568 374 1825 440 23*

614 534 830 622 Atque
866 536 1147 621 primum
1183 534 1440 620 quidem
1480 537 1827 599 occurrunt
1862 534 2005 619 loci,
2044 533 2279 619 quibus
2319 533 2565 601 Bionea
2609 515 2779 600 inter

441 643 774 730 Stilponea
818 667 857 707 a
891 642 1110 707 Telete
1147 642 1290 727 ipso
1327 640 1711 726 interposita
1748 663 1887 707 esse
1926 645 2425 707 consentaneum
2472 641 2585 726 sit,
2632 665 2779 707 cum

438 756 550 817 aut
621 749 1090 817 sententiarum
1153 770 1356 813 nexus
1428 748 1560 813 illis
1625 747 2161 833 interrumpatur,
2230 752 2343 813 aut
2409 753 2579 814 certe
2642 748 2775 815 illis

437 856 708 923 exsectis
779 856 962 922 nulla
1031 856 1260 921 lacuna
1335 855 1605 940 oriatur,
1678 854 1857 920 velut
1932 854 2001 921 in
2074 878 2367 921 sermone
2438 878 2505 931 π,
2559 864 2779 941 φυγῆς

436 990 495 1051 p.
538 966 638 1050 16,
671 964 958 1049 13——153
1008 966 1107 1049 17,
1142 965 1424 1049 10-123
1469 985 1535 1029 π.
1573 962 1901 1041 ἀπαθείας
1935 987 1994 1048 p.
2032 963 2138 1048 45,
2170 964 2447 1030 12—15.
2482 1001 2556 1011 —-
2591 964 2779 1029 Prae-

437 1076 617 1137 terea
659 1075 879 1136 autem
916 1075 1068 1136 sunt
1104 1070 1257 1155 1001,
1305 1070 1542 1156 quibus
1583 1070 1775 1156 plane
1812 1070 2003 1135 aliter
2047 1092 2149 1135 res
2188 1093 2257 1135 se
2290 1070 2503 1137 habet.
2578 1071 2778 1137 Velut

435 1203 495 1263 p.
539 1180 639 1264 19,
667 1180 708 1243 2
729 1201 865 1265 sqq.
923 1178 1052 1243 iam
1116 1180 1198 1243 ab
1261 1177 1508 1243 Hensio
1564 1177 1756 1243 Bioni
1820 1176 2218 1243 vindicatum
2281 1182 2407 1264 est,
2470 1178 2538 1243 id
2603 1176 2775 1263 quod

437 1286 662 1351 domus
727 1284 1082 1351 similitudo
1097 1283 1148 1373 l)
1204 1286 1542 1371 formaque
1598 1284 1743 1369 ipsa
1797 1284 2109 1350 orationis
2158 1285 2567 1371 confirmant3
2630 1308 2775 1351 cum

435 1392 668 1478 quibus
725 1416 888 1477 quae
945 1392 1259 1477 Stilponis
1324 1415 1463 1459 esse
1529 1392 1948 1478 cognovimus
2015 1396 2153 1456 arte
2210 1391 2551 1459 coniuncta
2606 1398 2774 1479 sunt,

435 1504 628 1586 atque
672 1500 768 1565 ita
812 1499 1071 1586 quidem
1117 1500 1409 1586 scienter,
1455 1504 1528 1565 ut
1573 1499 1799 1565 statim
1844 1503 2178 1585 appareat,
2221 1521 2355 1565 non
2398 1500 2606 1565 Teleti
2651 1501 2775 1565 hoc

433 1607 665 1673 deberi.

607 1711 912 1779 Dubitari
959 1717 1177 1779 autem
1223 1713 1484 1779 omnino
1521 1713 1748 1799 nequit
1786 1713 1863 1778 de
1901 1719 2191 1807 extrema
2224 1713 2420 1779 huius
2458 1714 2773 1779 sermonis

430 1826 614 1907 parte
659 1820 807 1885 inde
853 1844 894 1885 a
928 1844 987 1905 p.
1026 1823 1130 1906 22,
1169 1823 1224 1886 2.
1309 1821 1441 1887 Ubi
1489 1844 1634 1887 cum
1680 1822 1957 1886 formam
2003 1821 2313 1887 orationis
2361 1820 2585 1887 Bionis
2634 1844 2773 1887 esse

430 1930 614 1993 'Peles
662 1928 800 2013 ipse
837 1932 1115 1993 testetur
1159 1926 1330 2016 (ἀλλ’
1375 1929 1416 2012 ἡ
1454 1927 1604 2016 περὶ
1643 1938 1857 2013 ταφῆς
1894 1929 2167 2014 ἀγωνία,
2214 1927 2420 2014 φησὶν
2458 1929 2495 1995 ὁ
2534 1932 2771 2013 Βίων,

429 2037 678 2114 πολλὰς
739 2037 1110 2126 τραγῳδίας
1173 2033 1540 2123 ἐποίησεν),
1605 2036 1958 2101 sententias
2024 2036 2199 2121 ipsas
2258 2035 2571 2122 Stilponis
2632 2058 2772 2101 esse

429 2144 532 2209 vel
583 2166 661 2209 ex
707 2166 783 2209 00
830 2147 1123 2229 apparet,
1181 2144 1354 2228 quod
1401 2142 1643 2228 optime
1691 2166 1837 2209 cum
1881 2143 2165 2229 reliquae
2212 2144 2770 2209 commentationis
2846 2184 2855 2195 ·

430 2250 768 2317 sententiis
825 2251 1253 2317 consentiunt.
1345 2245 1468 2314 His
1523 2249 1728 2335 igitur
1780 2249 1941 2315 locis
1996 2250 2269 2315 Bionem
2316 2250 2650 2336 Stilponea
2702 2250 2773 2317 in

430 2381 619 2423 suum
673 2382 864 2423 usum
919 2358 1310 2423 convertisse
1367 2357 1755 2429 censendum
1802 2361 1927 2442 est,
1982 2357 2049 2422 id
2096 2358 2268 2442 quod
2312 2357 2460 2424 inde
2506 2360 2770 2444 probari

428 2466 708 2551 videtur,
756 2466 930 2552 quod
974 2464 1120 2531 aliis
1167 2464 1326 2530 locis
1369 2464 1641 2530 Bionem
1690 2462 2038 2549 Stilponeis
2084 2486 2277 2530 usum
2322 2488 2463 2531 esse
2508 2466 2767 2531 demon-

429 2574 623 2638 strari
685 2578 930 2659 potest,
993 2572 1106 2637 11111
1169 2572 1508 2657 utriusque
1573 2571 1862 2637 eiusdem
1927 2571 2287 2637 sententiae
2344 2556 2767 2638 conformatio

429 2685 688 2765 praesto
762 2684 876 2745 est.
985 2678 1156 2745 Nam
1229 2679 1299 2745 in
1371 2665 1685 2745 sermone
1728 2700 1793 2744 π.
1848 2678 2241 2765 αὐταρκείας
2302 2702 2361 2763 p.
2409 2682 2469 2765 4,
2508 2682 2549 2745 6
2612 2681 2769 2745 11000

429 2787 734 2871 leguntur
772 2809 933 2871 quae
971 2809 1006 2851 0
1031 2786 1236 2851 Β10110
1275 2808 1344 2851 se
1379 2784 1673 2851 hausisse
1701 2784 1887 2850 Teles
1926 2787 2269 2870 profitetur
2305 2783 2395 2873 (4,
2430 2789 2481 2851 1.
2512 2784 2610 2874 2):
2658 2786 2769 2853 καὶ

428 2892 470 2977 ἡ
517 2896 733 2959 Πενία
779 2892 950 2978 (ἂν)
997 2898 1170 2959 εἴποι
1224 2894 1391 2978 πρὸς
1441 2894 1561 2959 τὸν
1616 2891 2045 2976 ἐγκαλοῦντα·
2099 2896 2211 2977 ,,τί
2258 2917 2371 2978 μοι
2426 2892 2624 2980 μάχῃς
2679 2896 2768 2980 μὴ

427 3005 635 3066 καλοῦ
697 3023 882 3078 τινος
944 2997 1031 3065 δι’
1102 2996 1212 3085 ἐμὲ
1276 3002 1608 3085 areolam
1672 3000 1761 3085 μὴ
1828 3000 2293 3085 σωφροσύνης;
2364 3001 2452 3086 μὴ
2518 3002 2784 3069 δικαιο-.

427 3110 660 3191 σύνης;
705 3106 884 3192 (μὴ)
921 3106 1258 3193 &vde-siam
1304 3106 1470 3173 ἀλλὰ
1515 3108 1602 3192 μὴ
1647 3117 1784 3172 τῶν
1829 3105 2208 3189 ἀναγκαίων
2244 3105 2475 3191 ἐνδεὴς
2519 3103 2604 3188 εἷς
2634 3159 2649 3173 .
2674 3110 2767 3194 .“,

425 3238 619 3301 quem
663 3236 888 3280 rursus
928 3213 1211 3299 Stilponi
1257 3236 1374 3279 sua
1419 3213 1650 3280 debere
1700 3212 1953 3279 collatis
1992 3218 2057 3279 et
2094 3215 2407 3280 sermonis
2453 3236 2519 3281 π.
2548 3226 2767 3301 φυγῆς

570 3450 624 3517 1)
663 3445 818 3512 Quae
855 3439 918 3499 ἐκ
945 3452 1057 3499 τῶν
1078 3440 1476 3515 Ἀριστοτέλους
1511 3452 1713 3515 χρειῶν
1742 3442 1993 3498 citantur
2012 3444 2189 3499 verba
2218 3443 2459 3515 Gorgiae
2488 3462 2577 3515 ap.
2608 3446 2763 3502 Stob.

428 3540 548 3604 118,
585 3540 653 3589 29
699 3552 834 3589 num
878 3551 1009 3589 vere
1047 3533 1289 3605 Gorgiae
1337 3532 1451 3588 sint
1496 3532 1711 3588 dubito.
1785 3532 1980 3602 Neque
2032 3532 2183 3587 enim
2228 3534 2468 3589 alterum
2513 3536 2663 3604 quod
2708 3539 2766 3591 et

426 3623 591 3678 Bioni
629 3616 791 3692 (P'lut.
823 3625 888 3679 dc
925 3626 1015 3680 zib.
1045 3626 1196 3680 educ.
1227 3641 1271 3679 0.
1296 3628 1363 3677 10
1394 3643 1449 3695 Ρ.
1473 3623 1584 3694 71))
1624 3625 1682 3677 et
1710 3622 1951 3692 Gorgiae
1990 3622 2209 3692 (Gnom.
2228 3622 2413 3678 Vatic.
2435 3623 2520 3679 ed.
2544 3625 2761 3683 Sternb.

429 3712 638 3783 [Wien.
667 3713 808 3767 stud.
835 3713 908 3784 X]
946 3732 1000 3768 n.
1033 3718 1134 3766 166
1163 3739 1230 3759 =
1260 3711 1449 3768 Floril.
1478 3711 1697 3767 Monac.
1730 3715 1854 3783 1⁷2)
1894 3711 2193 3767 ascribitur
2241 3712 2663 3783 apophthegma
2693 3747 2760 3754 —

427 3800 554 3855 dico
589 3799 758 3870 illud,
805 3801 955 3870 quod
992 3804 1281 3871 comparat
1319 3817 1412 3855 eos
1460 3801 1556 3870 qui
1592 3800 1953 3872 philosophia
1987 3802 2245 3871 neglecta
2282 3801 2579 3873 encyclicis
2618 3820 2762 3872 quae

423 3892 699 3946 vocantur
745 3890 994 3945 scientiis
1039 3908 1267 3960 operam
1315 3890 1454 3945 dant
1499 3908 1626 3945 cum
1671 3890 1986 3962 Penelopae
2030 3890 2214 3961 procis
2252 3922 2318 3930 —
2359 3890 2439 3946 sic
2482 3908 2516 3945 a
2552 3891 2762 3962 Gorgia

423 3979 661 4051 proferri
704 3978 914 4049 potuit:
962 3981 1110 4034 certe
1153 3997 1267 4034 non
1312 3981 1382 4035 de
1426 3980 1787 4051 philosophia
1830 3979 1975 4034 talia
2017 3979 2185 4049 dixit,
2232 3980 2332 4035 sed
2379 3979 2448 4035 de
2495 3976 2757 4053 ῥητορικῇ

421 4070 514 4141 (cf.
553 4069 718 4125 Plato
755 4068 922 4139 Gorg.
960 4073 1065 4122 456
1083 4068 1174 4137 A).
1245 4068 1402 4125 Idem
1449 4069 1663 4124 dictum
1706 4071 2001 4138 praeterea
2037 4069 2323 4139 Aristippo
2361 4070 2565 4139 (Laert.
2595 4069 2757 4139 Diog.

421 4161 488 4230 H,
522 4162 613 4229 79)
660 4161 717 4213 01,
759 4157 1011 4213 Aristoni
1059 4157 1195 4213 Chio
1239 4157 1508 4213 tribuitur
1551 4159 1729 4229 (Stob.
1761 4163 1809 4228 4,
1841 4164 1969 4227 1103
2017 4160 2211 4213 contra
2246 4157 2387 4235 ,huic
2434 4157 2758 4229 abiudicare

421 4248 645 4304 videtur
670 4248 854 4306 Laert.
876 4248 1038 4319 Diog.
1067 4248 1134 4316 II,
1165 4249 1258 4319 80)
1284 4247 1434 4318 (111οᾶ
1461 4247 1544 4302 ita
1573 4247 1969 4317 explicandum
1996 4248 2097 4315 est,
2136 4249 2200 4301 ut
2226 4246 2328 4299 Bio
2358 4263 2425 4299 ex
2451 4246 2756 4319 Aristippo,

425 4355 454 4392 0
480 4338 655 4392 Β10110
691 4354 881 4392 rursus
908 4336 1098 4393 Aristo
1135 4335 1196 4390 id
1225 4335 1644 4407 deprompserit.
1670 4368 1735 4375 -—
1766 4335 2021 4389 Ceterum
2050 4334 2156 4389 hoc
2184 4334 2398 4389 dictum
2424 4334 2484 4388 in
2512 4335 2759 4392 Crameri

426 4427 618 4481 anecd.
645 4426 739 4496 IV,
767 4432 889 4495 411,
921 4431 987 4481 15
1024 4425 1311 4481 inducitur
1336 4425 1522 4480 verbis
1551 4424 1691 4493 φησὶ
1717 4422 1823 4493 γὰρ
1846 4420 2209 4494 Ἀριστοτέλης
2242 4419 2303 4478 ἐν
2331 4424 2755 4497 ἀποφθέγμασι,

424 4517 490 4569 ut
522 4514 667 4571 illud
702 4515 942 4586 Gorgiae
981 4520 1100 4585 118,
1129 4521 1197 4569 29
1237 4509 1298 4569 ἐκ
1335 4522 1446 4568 τῶν
1476 4509 1873 4583 Ἀριστοτέλους
1907 4520 2123 4583 χρειῶν.
