3309 5167
1527 354 1569 361 -„
1672 316 1755 379 74
1852 354 1924 360 „-

536 478 630 542 sic
683 476 1170 562 intelligendam
1225 498 1364 541 esse
1421 473 1526 563 (ut
1580 498 1841 542 causam
1896 474 2083 561 quasi
2136 472 2403 561 indicet)
2461 474 2754 561 sequitur
2804 496 2885 537 ex

537 584 960 670 Anaxagorae
1016 588 1208 668 atque
1263 582 1546 649 Socratis
1555 635 1573 668 ,
1631 582 1742 668 qui
1799 606 2049 650 carcere
2103 582 2337 647 inclusi
2391 587 2569 667 sunt,
2625 580 2885 647 Tantali

535 696 732 777 atque
777 690 1231 776 Phaethontis,
1289 689 1401 776 qui
1445 689 1516 754 in
1560 691 1736 755 caelo
1784 695 2149 775 versantur,
2196 689 2532 775 exemplis:
2589 694 2664 755 ut
2710 688 2883 755 enim

530 799 631 865 illi
687 799 756 864 in
809 798 1172 863 miserrimo
1230 799 1373 864 loco
1421 800 1583 864 bene
1631 822 1699 863 se
1736 798 2023 887 habent,
2080 798 2175 863 ita
2218 797 2288 862 hi
2333 796 2403 862 in
2447 796 2882 883 pulcherrimo

534 907 678 971 loco
745 906 1034 971 infelices
1099 910 1251 971 sunt
1315 908 1426 972 διὰ
1489 907 1612 990 τὴν
1676 905 2081 993 ἀφροσύνην.
2176 904 2459 970 Socratis
2518 905 2883 989 exemplum

531 1012 830 1078 similiter
885 1036 924 1077 a
979 1011 1219 1078 Seneca
1271 1013 1486 1078 afferri
1543 1036 1739 1097 supra
1794 1011 2097 1077 adnotavi
2152 1010 2262 1099 (ad
2307 1012 2491 1076 Helv.
2542 1034 2589 1076 c.
2634 1014 2731 1097 13,
2770 1011 2869 1098 4):

533 1120 752 1185 nescio
799 1143 883 1185 an
927 1120 1174 1186 rivulus
1223 1120 1486 1205 quidam
1532 1144 1610 1185 ex
1646 1119 2012 1185 Aristoneis
2060 1142 2263 1205 usque
2310 1120 2390 1183 ad
2436 1119 2653 1184 locum
2698 1118 2882 1183 illum

531 1227 958 1293 Annaeanum
1009 1228 1414 1314 profluxerit3
1472 1232 1642 1293 certe
1696 1226 1951 1312 sapiens
2007 1229 2116 1310 quel
2160 1228 2238 1291 ab
2282 1227 2674 1309 opinionibus
2718 1228 2876 1311 volyi

535 1336 774 1401 secessit
808 1333 1134 1401 Aristonis
1179 1357 1316 1399 esse
1352 1339 1586 1420 potest,
1634 1358 2028 1421 quamquam
2066 1338 2131 1399 et
2167 1333 2273 1398 hic
2310 1338 2377 1397 et
2413 1334 2468 1399 ei
2511 1358 2673 1419 quos
2712 1334 2881 1399 infra

537 1465 682 1507 cum
711 1442 972 1509 Graecis
1004 1442 1518 1527 comparabimus
1549 1441 2008 1507 consolationis
2040 1441 2427 1507 Annaeanae
2454 1441 2584 1506 loci
2615 1438 2700 1527 (p.
2729 1444 2879 1521 100)

532 1572 667 1615 non
703 1550 866 1615 tales
913 1548 1074 1614 mihi
1120 1572 1259 1615 esse
1305 1549 1620 1635 videntur,
1670 1553 1743 1614 ut
1790 1549 1880 1615 eis
1918 1549 2293 1615 insistentes
2333 1548 2686 1633 quidquam
2724 1548 2880 1613 certi

413 1691 420 1697 ·
533 1657 858 1722 affirmare
903 1656 1246 1743 possimus,

709 1765 885 1842 Quae
949 1766 1118 1851 apud
1171 1765 1594 1829 Plutarchum
1660 1764 1872 1829 obiter
1936 1767 2479 1829 commemoratur
2542 1762 2878 1847 sententia,

536 1872 801 1937 exilium
835 1895 954 1937 nos
992 1872 1231 1937 virtute
1270 1873 1374 1952 (de
1411 1874 1734 1958 φρονήσει
1773 1871 1847 1936 cf.
1880 1870 2075 1950 infra)
2110 1892 2242 1935 non
2272 1871 2529 1954 privare
2567 1894 2775 1957 posse,
2810 1870 2881 1935 in

535 1980 908 2046 universum
936 1981 1014 2045 de
1044 1980 1324 2045 externis
1356 1980 1547 2045 rebus
1575 1979 1825 2045 ‘dicitur
1854 1979 1921 2043 in
1960 1977 2519 2043 commentationis
2548 2000 2614 2044 π.
2646 1979 2881 2063 εὐθυμ.

532 2111 584 2153 c.
631 2090 737 2153 17:
793 2085 902 2152 καὶ
958 2088 1084 2173 γὰρ
1138 2088 1178 2170 ἡ
1226 2088 1386 2173 τύχη
1445 2088 1725 2153 δύναται
1780 2090 1983 2175 νόσῳ
2040 2089 2454 2173 περιβαλεῖν,
2514 2084 2883 2170 ἀφελέσθαι

531 2196 911 2281 χρήματα,
975 2196 1319 2279 διαβαλεῖν
1381 2196 1547 2281 πρὸς
1600 2196 1815 2279 δῆμον
1869 2192 1909 2276 ἢ
1965 2194 2391 2279 τύραννον,
2457 2192 2701 2257 malum
2751 2216 2885 2258 non

532 2306 751 2386 potest
804 2302 1011 2367 facere
1065 2303 1308 2367 bonum
1363 2299 1520 2367 οὐδὲ
1575 2301 2059 2388 παρελέσθαι
2114 2302 2255 2385 τὴν
2301 2298 2761 2383 διάθεσινῙ),
2806 2296 2887 2384 ἦς

533 2407 636 2474 ἀεὶ
680 2411 1018 2495 παρούσης
1070 2407 1274 2475 πλέον
1317 2408 1358 2491 ἢ
1405 2410 1817 2495 κυβερνήτου
1862 2410 2028 2495 πρὸς
2072 2409 2413 2475 θάλατταν
2459 2409 2701 2492 ὄφελός
2748 2406 2884 2474 ἐστι

532 2518 699 2602 πρὸς
736 2518 853 2582 τὸν
899 2519 1068 2600 βίον.
1157 2516 1238 2579 In
1281 2516 1517 2599 quibus
1564 2515 1680 2579 illa
1724 2514 2157 2580 timendorum
2210 2515 2413 2580 habes
2460 2517 2586 2581 tria
2623 2536 2885 2598 ymera:

533 2626 782 2689 timetur
826 2625 1100 2706 inopia,
1148 2625 1438 2687 timentur
1470 2622 1729 2701 morbi,
1776 2624 2069 2687 timentur
2112 2645 2267 2705 quae
2291 2645 2410 2706 per
2452 2625 2598 2687 vim
2636 2629 2886 2705 poten·

534 2732 756 2796 tioris
799 2732 1083 2796 eveniunt
1123 2728 1293 2811 (Sen.
1343 2753 1436 2816 ep.
1482 2731 1580 2815 14,
1618 2726 1708 2817 3),
1755 2752 1917 2814 quae
1963 2729 2032 2794 in
2076 2729 2317 2795 talibus
2365 2728 2620 2815 saepius
2668 2751 2884 2795 occur-

437 2898 456 2915 ,
533 2842 711 2923 runt,
768 2838 947 2903 velut
1001 2838 1172 2923 apud
1225 2837 1441 2922 ipsum
1487 2836 1818 2923 Senecam,
1875 2837 1987 2923 qui
2044 2837 2378 2903 animum
2434 2837 2730 2922 opponit:
2778 2838 2882 2920 (ad

532 2944 715 3009 Helv.
758 2968 805 3009 c.
850 2948 949 3030 11,
990 2942 1058 3033 7)
1105 2946 1530 3030 corpusculum
1566 2946 1694 3029 hoe,
1731 2947 2009 3011 custodia
2052 2951 2110 3010 et
2140 2946 2458 3010 vinculum
2502 2948 2723 3030 animi,
2767 2947 2881 3012 hue

532 3057 712 3133 atque
763 3053 914 3117 illuc
966 3054 1259 3137 iactatur,
1314 3055 1382 3117 iu
1433 3052 1544 3117 hoc
1596 3053 1998 3135 supplicia,
2055 3054 2124 3117 in
2167 3052 2277 3117 hoo
2322 3053 2755 3139 latrocinia,
2807 3054 2873 3117 iu

533 3159 641 3224 hoc
694 3161 928 3225 morbi
979 3165 1378 3227 exercentur:
1408 3162 1661 3225 animus
1712 3160 1957 3241 quidem
2008 3160 2137 3241 ipse
2185 3180 2357 3225 sacer
2400 3166 2457 3225 et
2499 3166 2779 3227 aeternus
2822 3164 2877 3224 et

533 3267 634 3329 cui
669 3286 795 3331 nou
817 3269 1017 3349 possit
1051 3267 1204 3331 inici
1237 3288 1481 3352 manus,
1517 3267 1697 3331 velut
1732 3266 1801 3329 in
1838 3264 1987 3331 diss.
2027 3266 2237 3352 Epict.
2276 3266 2392 3350 ΠΙ,
2422 3268 2525 3351 24,
2555 3269 2656 3333 28.
2734 3268 2878 3332 Duo

532 3372 733 3437 habes
779 3372 850 3436 in
892 3372 1034 3438 loco
1072 3373 1413 3457 Epicteteo
1449 3372 1787 3439 Annaeani
1824 3371 2156 3437 simillimo
2203 3370 2297 3460 (I,
2322 3374 2381 3459 9,
2423 3374 2549 3458 12),
2596 3374 2711 3439 ubi
2758 3374 2883 3439 dis-

533 3474 734 3562 cipuli
780 3485 1136 3564 queruntur
1190 3483 1356 3566 ἄφες
1402 3482 1702 3564 λυθῆναί
1748 3502 1905 3546 ποτε
1959 3491 2095 3546 τῶν
2142 3480 2403 3566 δεσμῶν
2448 3483 2703 3547 τούτων
2746 3494 2883 3548 τῶν

535 3585 989 3671 ἐξηρτημένων
1037 3586 1147 3653 καὶ
1195 3590 1651 3674 βαρυνόντων·
1702 3586 1997 3652 ἐνταῦθα
2042 3585 2317 3671 λῃσταὶ
2353 3587 2481 3654 καὶ
2526 3585 2882 3673 κλέπται,

533 3692 646 3757 καὶ
701 3695 1166 3780 δικαστήρια
1219 3692 1346 3760 καὶ
1403 3696 1481 3759 οἷ
1537 3695 2016 3777 καλούμενοι
2081 3695 2462 3779 τύραννοι
2528 3698 2883 3775 δοκοῦντες

535 3803 711 3886 ἔχειν
773 3800 922 3865 τινὰ
991 3799 1096 3885 ἐφ’
1164 3800 1326 3885 ἡμῖν
1398 3798 1706 3878 ἐξουσίαν
1769 3801 1896 3865 διὰ
1969 3802 2052 3865 τὸ
2117 3801 2513 3886 σωμάτιον
2587 3801 2716 3868 καὶ
2789 3804 2878 3868 τὰ

533 3906 821 3972 τούτου
876 3909 1217 3994 κτήματα
1273 3912 1464 3994 atque
1521 3907 1745 3971 eadem
1789 3906 1858 3972 in
1913 3906 2144 3994 altero,
2198 3908 2313 3973 ubi
2368 3933 2487 3975 sua
2532 3910 2878 3994 respondet

533 4013 876 4099 Epictetus
933 4013 1078 4103 (III,
1117 4016 1220 4100 22,
1261 4012 1445 4103 105):
1513 4015 1757 4101 λῃστὴς
1817 4014 2351 4103 προαιρέσεως
2414 4014 2495 4082 ού
2561 4019 2879 4101 γίγνεται,

533 4122 860 4202 τύραννος
897 4116 980 4187 οὐ
1015 4125 1309 4205 γίγνεται
1347 4126 1542 4207 atque
1568 4121 1741 4185 idem
1775 4122 1825 4207 Ι,
1858 4124 1960 4208 18,
1995 4124 2072 4187 17
2106 4123 2182 4188 de
2212 4128 2490 4209 tyranno
2522 4123 2678 4189 solo.
2754 4123 2878 4201 Qui

678 4371 731 4437 1)
770 4368 984 4423 Eadem
1029 4371 1202 4425 verba
1238 4369 1297 4423 in
1335 4370 1488 4425 Stob.
1529 4369 1628 4425 ecl.
1669 4370 1737 4437 ΙΙ,
1775 4375 1824 4438 8,
1855 4375 1921 4423 32
1964 4370 2227 4440 leguntur
2264 4364 2325 4424 ἐκ
2366 4378 2463 4424 τοῦ
2511 4370 2877 4443 Πλουτάρχου

533 4458 664 4527 περὶ
701 4460 890 4525 φιλίας
927 4462 1166 4529 sumpta.
