3309 5167
1484 342 1955 407 -122-

652 497 944 567 prandio
981 496 1157 568 ipsius
1196 502 1255 553 et
1280 498 1601 555 Aristotelis
1639 499 1854 555 dictum
1882 506 1949 555 93
1988 500 2416 570 temporibus
2456 500 2617 554 anni
2656 500 2893 571 singulis

652 590 944 642 contentus
982 594 1049 643 99

545 677 824 731 Electra
860 680 919 731 et
955 677 1178 733 Orestes
1217 678 1286 731 de
1324 677 1491 732 exilio
1530 678 1911 747 colloquentes
1950 686 2017 733 28

545 766 981 835 Empedoclis
1020 783 1244 821 carmen
1279 766 1466 837 ipsum
1503 767 2017 837 legithlutarchus
2054 774 2121 823 98

547 847 853 911 ἐῦοίκιον
891 861 960 911 89
992 856 1119 912 adn.
1151 862 1181 909 2

525 944 1053 1015 ,Epaminondas
1089 944 1284 1001 liberis
1323 946 1567 1001 carentis
1605 946 1924 1017 exemplum
1960 952 2026 1000 51

547 1032 836 1104 ἑφόδιον
874 1040 940 1090 89
972 1036 1099 1089 adn.
1131 1042 1162 1089 2

544 1123 910 1194 Epictetus
967 1125 1045 1179 de
1100 1124 1551 1195 culpantibus
1605 1142 1695 1180 res
1752 1128 2010 1181 externas
2060 1133 2124 1180 78
2183 1123 2489 1197 δόγματα
2538 1126 2612 1180 ad
2658 1126 2890 1180 exilium

648 1215 822 1269 refert
847 1220 917 1268 78
956 1214 1026 1269 de
1052 1214 1219 1269 rebus
1258 1215 1562 1269 externis
1591 1214 1730 1284 quid
1758 1214 2039 1269 censuerit
2067 1220 2132 1269 72
2156 1232 2235 1283 sq.
2276 1215 2345 1269 de
2373 1214 2791 1285 magistratu
2820 1221 2889 1270 92

652 1302 1103 1358 oboedientes
1141 1304 1258 1359 Deo
1298 1304 1486 1358 omnia
1525 1303 1779 1374 accipere
1814 1321 1915 1359 nos
1956 1305 2158 1360 debere
2194 1309 2261 1360 68
2301 1303 2716 1374 (oboedientiae
2752 1320 2892 1375 erga

649 1392 828 1447 Deum
863 1392 1011 1447 ratio
1049 1392 1124 1447 ad
1161 1392 1392 1447 exilium
1428 1394 1667 1448 refertur
1704 1396 1794 1464 69)
1832 1394 1913 1464 ,,ἡ
1950 1393 2133 1463 θύρα
2170 1390 2523 1448 κέκλεισται“
2562 1400 2629 1449 35

544 1481 922 1552 Epicureae
959 1482 1113 1537 illius
1152 1482 1222 1536 de
1261 1482 1429 1537 exilio
1465 1483 1580 1538 loci
1618 1482 1973 1538 tractationis
2011 1482 2255 1554 vestigia
2293 1488 2395 1537 103

544 1571 959 1642 epitomator
996 1571 1205 1626 Teletis
1243 1577 1292 1629 4.
1324 1577 1452 1641 5sq.
1485 1578 1532 1628 6.
1556 1573 1734 1628 7adn.
1755 1579 1800 1627 1.
1833 1579 1991 1628 8.17.
2022 1578 2090 1626 20
2108 1572 2237 1629 adn.
2264 1577 2332 1627 30
2350 1572 2479 1629 adn.
2498 1579 2547 1628 2.
2578 1577 2645 1627 36
2663 1572 2789 1627 adn.
2822 1578 2892 1627 38

542 1661 908 1731 Eriphyles
947 1662 1264 1731 exemplum
1301 1662 1568 1717 sollemne
1609 1667 1710 1715 113
1742 1661 1869 1717 adn.
1902 1670 1934 1715 4

542 1750 848 1805 Eteoclis
887 1753 954 1805 et
989 1750 1348 1820 Polynicis
1388 1751 1704 1821 exemplum
1741 1756 1809 1805 28
1840 1750 1966 1806 adn.
1998 1757 2029 1805 2

542 1838 908 1894 Eunuchus
944 1839 1241 1895 Menandri
1277 1839 1526 1894 Terentii
1565 1846 1666 1894 113

544 1928 902 1999 Euripidis
939 1945 1202 1983 versuum
1237 1930 1729 1999 παραδιορθώσεις
1759 1935 1825 1984 70
1855 1962 1919 1970 —
1953 1930 2021 1985 de
2058 1930 2181 2001 ipso
2219 1932 2277 1985 et
2305 1931 2576 2001 Sophocle
2606 1930 2893 1999 ἂψωνοῢσι

650 2017 864 2073 dictum
902 2026 968 2074 93

544 2108 851 2178 exempla
886 2107 1132 2163 virorum
1170 2108 1382 2163 additis
1419 2110 1731 2179 probantur
1768 2110 2192 2180 argumentis
2232 2114 2299 2164 94
2346 2142 2396 2151 -
2434 2110 2891 2181 philosopho-
2960 2108 2965 2111 ’

647 2215 789 2251 rum
825 2199 984 2252 extra
1017 2196 1266 2267 patriam
1298 2197 1612 2252 viventium
1651 2203 1753 2252 103

541 2286 846 2340 externis
882 2287 1049 2340 rebus
1085 2286 1370 2341 hominem
1405 2286 1618 2356 privari
1653 2304 1821 2357 posse
1859 2288 2102 2342 externis
2140 2290 2363 2343 tantum
2400 2288 2589 2358 bonis,
2633 2305 2747 2343 non
2783 2306 2889 2343 sua

648 2374 826 2445 ipsius
863 2378 1068 2430 natura
1105 2382 1173 2430 '14
1193 2393 1313 2444 sqq.

540 2464 932 2520 fabularum
969 2465 1268 2535 explicatio
1307 2465 1586 2535 (physica,
1625 2465 1880 2535 moralis)
1918 2472 1986 2521 86

540 2555 756 2609 fortes
794 2587 862 2595 —
899 2553 1094 2625 ignavi
1131 2554 1525 2609 discernuntur
1559 2555 1620 2609 in
1658 2554 2002 2625 accipiendis
2039 2558 2205 2611 rebus
2246 2563 2309 2612 77
2350 2556 2517 2611 exilio
2558 2563 2623 2612 78
2646 2575 2724 2626 sq.

542 2643 836 2714 Gorgiae
873 2661 1018 2713 quae
1055 2644 1308 2698 feruntur
1346 2642 1500 2699 dicta
1537 2650 1604 2699 23
1635 2644 1763 2701 adn.

540 2742 866 2805 ’γυναῖκες
904 2734 1159 2811 exemplo
1197 2736 1330 2788 sunt
1368 2742 1398 2789 7

541 2823 891 2878 Hannibal
927 2820 1242 2893 παρρησίας
1279 2824 1594 2895 exemplum
1632 2830 1699 2878 41

541 2912 853 2967 Helvidii
889 2913 1068 2967 Prisci
1107 2915 1164 2968 et
1199 2913 1538 2983 Vespasiani
1575 2913 1709 2983 imp.
1751 2913 2092 2983 colloquium
2131 2918 2197 2969 ‘15

542 3003 940 3058 Heraclitus
996 3004 1118 3072 ipse
1169 3020 1283 3058 non
1329 3003 1516 3057 ethica
1561 3003 1809 3073 physicis
1857 3003 2171 3058 illustrasse
2216 3003 2440 3057 videtur
2485 3008 2549 3055 91
2590 3001 2718 3056 adn.
2749 3010 2779 3054 2
2820 3032 2887 3041 -

645 3093 713 3147 H.
763 3092 832 3147 de
877 3092 1210 3147 Hermodori
1261 3092 1429 3147 exilio
1482 3092 1697 3147 dictum
1743 3099 1811 3147 55
1850 3124 1917 3133 —-
1953 3093 2023 3148 Η.
2072 3092 2311 3148 aliorum
2362 3091 2515 3146 dicta
2564 3091 2889 3145 tribuuntur

649 3188 712 3235 91
755 3182 881 3237 adn.
913 3188 944 3235 2

538 3271 870 3327 Hercules
909 3270 1088 3325 exulis
1125 3272 1443 3341 exemplum
1479 3278 1565 3326 29.
1596 3276 1681 3327 50.
1712 3276 1776 3325 81
1818 3268 2172 3339 (Ἡρακλέους
2207 3278 2307 3325 τοῦ
2344 3266 2665 3324 καλλινίκου
2700 3268 2886 3338 πατήρ

644 3360 783 3415 item
819 3363 910 3430 29)

540 3450 813 3504 Homeri
838 3466 1074 3504 versus
1105 3450 1178 3504 ad
1209 3448 1508 3504 dialectica
1536 3448 1725 3504 ethica
1750 3448 1988 3518 physica
2015 3448 2331 3503 referuntur
2358 3454 2461 3502 108
2482 3478 2549 3489 —·-
2572 3448 2641 3503 H.
2662 3450 2885 3502 terras

645 3538 1141 3609 pei-migrantis
1180 3539 1496 3609 exemplum
1534 3546 1600 3593 93
1638 3538 1887 3593 liberis
1925 3536 2231 3593 carentis
2270 3544 2336 3591 51

542 3626 879 3683 hominem
914 3627 1158 3681 externis
1193 3628 1360 3681 rebus
1399 3626 1590 3697 (exilio
1623 3629 1712 3697 75)
1750 3626 1962 3696 privari
1990 3642 2155 3696 posse
2184 3626 2427 3681 externis
2456 3629 2680 3681 tantum
2705 3625 2886 3695 bonis,

647 3734 760 3771 non
797 3733 900 3771 sua
935 3716 1114 3785 ipsius
1150 3718 1355 3771 natura
1395 3723 1462 3771 74
1481 3735 1600 3786 sqq.

539 3804 892 3862 Horatius:
941 3806 1011 3860 de
1048 3822 1242 3860 earum
1279 3805 1484 3874 quibus
1520 3821 1819 3875 personam
1854 3803 2074 3859 inducit
2116 3805 2183 3859 H.
2223 3804 2545 3873 loquentem
2584 3802 2885 3858 satirarum

645 3894 864 3950 ratione
901 3900 968 3948 35
999 3894 1126 3949 adn.

540 4003 643 4040 nos
680 3984 1036 4038 includere
1073 4000 1176 4037 nos
1213 3982 1365 4052 ipsos
1404 3988 1473 4037 29

540 4073 812 4139 insulae
849 4090 1183 4143 magnorum
1219 4072 1425 4127 ducum
1463 4070 1751 4126 domicilia
1789 4079 1855 4126 85

541 4165 949 4232 ,,καθ’ῆσθ·αι
986 4163 1289 4216 κλαίονταίι
1327 4160 1538 4215 similia
1576 4166 1660 4217 18.
1702 4167 1803 4215 118
1834 4162 1961 4217 adn.

542 4252 748 4305 κακία
782 4250 1043 4305 miseriae
1079 4253 1305 4305 nostrae
1344 4267 1516 4305 causa
1554 4256 1622 4304 78
1643 4269 1723 4320 sq.
1762 4250 1823 4303 in
1860 4250 2028 4305 exilio
2067 4255 2126 4305 et
2161 4253 2494 4321 paupertate
2533 4255 2615 4304 80.

541 4342 1036 4408 κοσμοπολίτης
1074 4339 1386 4393 Stoicorum
1425 4347 1492 4393 49

541 4428 1065 4483 Lacedaemonii
1102 4432 1160 4483 et
1194 4422 1476 4499 peregrini
1515 4435 1581 4481 16
1611 4429 1740 4484 adn.

541 4517 881 4576 Laconica
919 4516 1072 4573 dicta
1111 4524 1176 4573 16
