3309 5167
1472 388 1544 393 -,
1642 351 1899 413 40.-

522 516 739 577 autem
797 533 1005 577 sermo
1063 515 1255 595 atque
1307 510 1481 595 apud
1535 508 1907 574 Musonium
1966 513 2179 575 exstat
2231 533 2289 594 p.
2334 511 2433 594 74,
2478 510 2733 575 16--18
2789 508 2857 574 111

518 618 730 704 Epict.
771 618 920 683 diss,
956 616 1070 701 IV,
1110 619 1162 701 ],
1195 616 1322 681 156
1379 614 1535 702 (ἄρα
1600 612 1661 699 γ’
1728 616 1827 682 ὅτι
1884 614 1949 695 ἐξ
2016 614 2389 702 ἐλευθέρων
2442 609 2554 701 ἦν;
2619 616 2858 694 πάντες

513 723 860 807 Ἀθηναῖοι
913 718 1024 788 καὶ
1078 720 1318 797 πάντες
1363 720 1879 804 Λακεδαιμόνιοι
1932 718 2042 785 καὶ
2089 724 2449 808 Κορίνθιοι
2504 723 2616 787 διὰ
2666 725 2739 789 τὸ
2788 723 2859 789 ἐκ

522 833 786 897 δούλων
822 825 992 895 εἶναι
1038 828 1161 894 οὐκ
1197 827 1529 911 ἠδύναντο
1569 828 1797 904 αὐτοῖς
1835 827 1924 905 ὡς
1961 826 2317 913 ἐβούλοντο
2356 827 2780 912 διαλέγεσθαι
2792 828 2857 917 3).

519 938 726 1024 Atqui
754 960 916 1022 quae
944 939 1290 1001 narrantur
1317 934 1385 999 in
1414 934 1561 1000 diss,
1581 934 1696 1020 IV,
1724 937 1752 1000 1
1789 936 1865 1000 de
1898 933 2158 1000 Socrate
2187 934 2458 1001 Bionem
2485 936 2777 1002 redolent
2790 934 2856 1024 ¹),

521 1046 719 1110 simul
762 1049 979 1110 autem
1025 1041 1356 1108 simillima
1402 1045 1554 1107 sunt
1599 1065 1763 1127 quae
1808 1046 2153 1107 narrantur

610 1151 855 1237 Epict.
892 1151 976 1237 H,
1018 1152 1117 1237 13,
1147 1151 1234 1216 24
1289 1146 1508 1233 λέγειν
1563 1146 1636 1214 δὲ
1832 1148 1945 1234 IV,
1987 1150 2041 1234 1,
2076 1150 2202 1215 164
2249 1149 2285 1215 6
2322 1150 2410 1235 μὴ
2459 1148 2861 1236 ἐπιψηφίσας

523 1256 883 1344 Σωκράτης
920 1256 1186 1343 ἐμελέτα
1223 1257 1259 1323 6
1287 1259 1452 1342 πρὸς
1484 1260 1638 1333 τοὺς
1743 1254 2116 1340 Ἀθηναίων
2161 1260 2587 1342 κελευόντων,
2634 1258 2671 1324 6
2707 1262 2862 1336 τοὺς

456 1390 462 1397 ·
522 1366 965 1453 τυράννους
996 1366 1168 1431 οὕτω
1199 1366 1639 1448 διαλεγόμε-
1747 1362 2187 1448 τυράννους
2232 1364 2595 1450 ὑπεριδών,
2651 1365 2687 1431 6
2733 1390 2861 1431 τοι·

521 1498 685 1558 νος,
714 1474 750 1540 6
777 1476 944 1560 πρὸς
970 1477 1128 1551 τοὺς
1152 1470 1640 1555 δικαστάς,ὁέν
1748 1480 1915 1536 αὕτα
1984 1469 2137 1557 περὶ
2201 1471 2435 1558 ἀρετῆς
2495 1470 2606 1537 καὶ
2668 1477 2861 1538 καλο-

522 1592 620 1669 τῷ
669 1582 1186 1667 δεσμωτηρίῳ.
1747 1578 2076 1661 κάγαθίας
2121 1579 2697 1663 διαλεγόμενος.

524 1688 770 1765 Quibus
828 1687 884 1752 si
939 1686 1175 1752 adicias
1184 1738 1202 1772 ‚
1261 1690 1536 1771 utroque
1591 1685 1734 1750 loco
1780 1684 2141 1771 Diogenem
2195 1689 2261 1750 et
2309 1684 2638 1751 Socratem
2692 1686 2863 1752 inter

522 1818 592 1881 80
640 1794 1015 1861 coniunctos
1063 1816 1221 1879 0880,
1269 1796 1545 1878 utroque
1593 1797 1810 1858 autem
1856 1793 2001 1859 loco
2048 1817 2211 1879 quae
2259 1795 2335 1859 de
2383 1794 2673 1879 Diogene
2721 1818 2863 1859 nar-

524 1908 751 1968 rantur
797 1900 1042 1987 aliquid
1088 1900 1296 1966 simile
1340 1901 1578 1967 habere
1625 1924 1851 1966 eorum
1889 1924 2051 1986 quae
2092 1902 2261 1986 apud
2298 1900 2670 1967 Musonium
2705 1902 2861 1988 legi-

525 2034 694 2095 111118,
759 2010 932 2073 haud
987 2007 1291 2074 audacius
1348 2007 1665 2073 iudicasse
1720 2007 2108 2092 videbimur,
2169 2009 2343 2091 quod
2395 2008 2555 2073 haec
2610 2032 2864 2095 quoque

523 2118 594 2181 in
629 2116 902 2181 Bionem
948 2115 1154 2180 redire
1203 2138 1549 2180 censemus.
1564 2112 1618 2203 2)
1684 2116 1868 2193 Quod
1914 2115 1971 2179 si
2008 2136 2233 2179 verum
2269 2119 2368 2179 est
2404 2115 2679 2181 fortasse
2713 2140 2865 2181 casu

524 2224 769 2288 factum
823 2245 962 2287 esse
1017 2227 1233 2307 putes,
1291 2223 1466 2307 quod·
1521 2224 1689 2308 apud
1734 2222 2107 2287 Musonium
2152 2244 2283 2286 non
2328 2226 2654 2309 narratur,
2711 2247 2865 2308 quo-

527 2331 716 2394 modo
770 2329 1095 2414 Diogenes
1151 2332 1481 2417 παρρησίᾳ
1535 2329 1603 2393 111
1658 2352 1840 2415 reges
1897 2329 2321 2394 Macedonum
2375 2353 2528 2395 usus
2586 2329 2697 2416 sit,
2752 2332 2865 2395 sed

524 2438 800 2502 fortasse
860 2436 1047 2501 malis
1104 2435 1339 2522 dicere,
1405 2437 1701 2501 consulto
1757 2437 1914 2501 haec
1970 2435 2263 2502 omisisse
2318 2437 2715 2522 Musonium,
2780 2460 2861 2502 ne

527 2542 866 2609 Gaesarem
903 2544 1271 2629 offenderet,
1311 2566 1456 2608 cum
1496 2542 1655 2608 satis
1692 2547 1922 2609 notum
1950 2543 2054 2630 sit,
2091 2549 2358 2629 propter
2384 2544 2594 2629 ipsam
2620 2567 2865 2631 παρρη-

527 2654 680 2717 σίαν
716 2650 1217 2736 imperatoribus
1259 2649 1510 2716 Stoicos
1548 2650 1790 2717 invisos
1828 2650 2045 2717 fuisse.
2115 2651 2285 2729 Quin
2318 2675 2377 2736 p.
2412 2654 2513 2737 74,
2539 2652 2800 2718 20—28
2827 2675 2866 2715 a

526 2757 826 2824 Musonio
872 2756 1014 2843 ipso
1060 2757 1360 2844 apposita
1406 2758 1540 2825 sint
1585 2758 1853 2825 dubium
1898 2782 2036 2825 esse
2082 2782 2216 2824 non
2258 2763 2495 2844 potest.

703 2863 915 2929 Aliter
951 2887 1052 2929 res
1093 2888 1160 2930 se
1197 2866 1394 2930 habet
1430 2866 1500 2931 in
1536 2866 1627 2931 eis
1665 2865 2163 2931 narratiunculis
2202 2890 2361 2951 quas
2398 2865 2863 2933 Plutarchus

526 2971 813 3038 annectit
849 2971 926 3035 de
963 2971 1304 3037 Theodoro
1343 2995 1536 3057 quem
1571 2975 1780 3038 ἄθεον
1817 2976 2067 3059 vocant,
2105 2972 2329 3039 Bionis
2368 2974 2699 3061 magistrO,
2737 2997 2866 3060 qua

526 3082 858 3165 παρρησίᾳ
921 3078 1022 3144 bis
1089 3082 1316 3143 contra
1377 3078 1837 3164 Lysimachum
1900 3102 2055 3144 usus
2122 3080 2233 3167 sit,
2299 3082 2377 3145 de
2430 3081 2732 3167 Philippo
2798 3087 2865 3147 et

526 3184 818 3270 Diogene
867 3186 1189 3271 quomodo
1237 3185 1405 3269 apud
1443 3184 1881 3253 Chaeroneam
1920 3186 2225 3253 collocuti
2272 3186 2421 3273 sint,
2469 3188 2738 3273 denique
2786 3189 2864 3253 de

670 3416 723 3483 1)
753 3414 833 3469 cf.
853 3414 1038 3469 Hense
1066 3414 1401 3484 p.XXXV11,
1431 3414 1530 3484 qui
1555 3417 1749 3470 tamen
1775 3433 1887 3471 non
1917 3418 2049 3487 apte
2078 3416 2553 3487 comparationem
2581 3416 2857 3474 instituit:

525 3502 865 3572 respondent
898 3503 1085 3572 potius
1123 3503 1270 3557 inter
1306 3520 1364 3557 se

599 3591 798 3645 Teles
826 3610 880 3661 p.
907 3598 986 3661 11,
1012 3598 1077 3645 10
1105 3592 1368 3662 καθάπερ
1397 3593 1494 3647 καὶ
1522 3597 1642 3647 Σω-
1822 3594 2037 3665 Epict.
2075 3596 2153 3649 IV
2194 3601 2240 3665 1,
2282 3602 2382 3651 162
2422 3594 2541 3651 εἶθ’
2584 3594 2665 3651 οτ’
2708 3598 2864 3653 ἄπο-

528 3680 757 3750 κράτης·
806 3675 886 3749 ἦν
925 3682 1100 3752 αυτῷ
1140 3676 1210 3735 ἐκ
1246 3691 1362 3736 τοῦ
1401 3684 1642 3753 δεσμω-
1752 3687 2114 3752 λογεῖσθαι
2160 3682 2281 3739 ἔδει
2324 3684 2466 3755 ὑπὲρ
2512 3695 2612 3741 τοῦ
2655 3688 2754 3757 ζῆν
2791 3687 2866 3757 μή

527 3771 791 3839 τηρίου,
831 3768 895 3825 εἰ
927 3764 1270 3843 ἐβούλετο,
1301 3764 1644 3841 ἐξελθεῖν,
1750 3792 1805 3825 τι
1842 3773 1913 3834 ὡς
1949 3770 2118 3826 τέκνα
2158 3771 2299 3843 ἔχων
2337 3772 2748 3845 ἀναστρέφεται
2780 3819 2792 3831 .
2824 3798 2864 3841 ‚3

529 3858 625 3913 καὶ
666 3868 794 3913 τῶν
831 3861 1169 3913 δικαστῶν
1207 3859 1546 3914 κελευόντων
1586 3904 1598 3915 .
1630 3905 1642 3916 .
1750 3862 1829 3928 τίς
1878 3860 1985 3916 ὅτε
2031 3869 2219 3915 πιεῖν
2266 3860 2412 3917 ἔδει
2457 3864 2518 3917 τὸ
2562 3863 2862 3933 φάρμακον

531 3950 596 4002 οὐ
643 3954 902 4018 προσεῖχε
943 3992 954 4003 .
992 3990 1030 4015 .,
1078 3948 1175 4002 καὶ
1218 3957 1386 4018 τριῶν
1422 3948 1643 4019 ἡμερῶν
1750 3948 2861 4021 πῶςάναστρέφεται;δυνάμενοςδια-

531 4038 679 4110 αὗτῷ
710 4038 988 4091 δοθεισῶν
1016 4043 1092 4107 τῇ
1120 4037 1344 4110 πρώτῃ
1380 4035 1604 4093 ἔπιεν.
1629 4084 1640 4094 .
1752 4044 2066 4109 σωθῆναι
2105 4040 2202 4095 καὶ
2247 4050 2345 4095 τοῦ
2388 4041 2667 4110 Κρίτωνος
2712 4038 2859 4109 αὐτῷ

1750 4127 2003 4199 λέγοντος
2040 4146 2085 4186 e.
2125 4148 2177 4199 q.
2220 4148 2261 4185 s,
2342 4148 2347 4154 ·

671 4216 728 4285 2)
765 4214 844 4270 Cf.
875 4214 1048 4269 etiam
1066 4214 1159 4284 IV,
1184 4222 1232 4283 1,
1253 4221 1356 4269 114
1383 4216 1592 4287 ταύτην
1621 4218 1993 4289 ἠλευθερώθη
2019 4217 2291 4289 Διογένης
2317 4214 2453 4285 παρ’
2480 4212 2861 4277 Ἀντισθένους

530 4302 625 4356 καὶ
673 4302 857 4357 οὐκέτι
903 4302 1012 4373 ἔφη
1062 4308 1570 4377 καταδουλωθῆναι
1615 4308 1903 4363 δύνασθαι
1948 4306 2046 4363 ὑπ’
2090 4305 2333 4367 οὐδενός.
2381 4306 2527 4375 (115)
2566 4304 2663 4359 διὰ
2699 4314 2862 4359 τοῦτο

531 4389 620 4445 ὅτε
668 4385 808 4445 ἕάλω
855 4401 970 4455 πῶς
1015 4400 1158 4457 τοῖς
1204 4403 1565 4464 πειραταῖς
1607 4391 1829 4466 ἔχρῆτος
1870 4442 1881 4453 .
1924 4440 1935 4451 .
1974 4406 2091 4460 πῶς
2126 4390 2423 4464 ἔπράθης
2466 4391 2541 4463 μή
2578 4414 2632 4447 τι
2668 4394 2864 4464 κύριον

530 4478 731 4549 ἐζήτει,
770 4480 907 4534 ἀλλὰ
946 4484 1163 4538 δοῦλον.
