3309 5167
707 272 721 289 .
1117 271 1133 284 U
1190 268 1203 277 -
1295 276 1306 285 ο

505 366 522 384 ·
633 365 650 381 ο
819 358 833 370 0
973 354 1008 370 ’β
1075 351 1088 369 ἱ
1175 348 1194 365 0
1346 334 1363 347 .
1408 334 1434 375 Ἀ

520 398 537 413 0
633 395 650 411 ο
689 380 732 407 ⁶-
766 406 782 419 ·
823 390 876 419 υ.
933 376 944 388 ’
1023 391 1040 403 ο
1177 380 1194 399 0
1247 385 1294 400 *ό
1424 396 1441 412 .
1495 397 1574 403 —
1670 361 1709 423 2
1806 397 1885 403 -..

635 425 651 441 ο
716 426 732 441 ο
771 419 796 448 ,’
930 438 942 449 ,
1071 419 1088 453 ’ζ
1235 410 1254 427 ⁰
1351 427 1428 455 ⁸5·

827 456 838 463 .
899 449 915 464 a
1026 448 1036 463 ι
1147 448 1196 466 οι
1305 444 1318 462 1

517 544 664 585 eum
708 520 978 605 versari3
1025 519 1251 584 deinde
1299 519 1388 583 eis
1435 523 1693 603 praeter
1741 522 1985 583 ceteros
2033 517 2185 583 talis
2232 519 2536 604 loquendi
2580 519 2853 586 facultas

517 632 670 712 erat,
694 631 792 712 ⁷ut
831 626 1124 691 homines
1165 648 1455 691 sermone
1495 630 1792 711 regerent
1830 631 2024 710 atque
2063 625 2399 711 erigerent,
2444 649 2525 691 ne
2572 626 2855 692 iacerent

516 734 723 798 dolori
795 733 1231 819 indulgentes,
1306 733 1415 798 sed
1482 737 1556 796 ut
1628 732 1820 797 rebus
1896 731 2180 796 adversis
2256 732 2645 798 obsistentes
2720 757 2857 798 sur-

430 923 435 928 ·
514 846 765 926 gerent:
831 864 906 905 ae
970 841 1261 925 profecto
1326 839 1444 904 tali
1508 838 1648 904 viro
1717 861 1877 923 opus
1944 844 2083 903 erat
2148 841 2356 925 magis
2423 840 2619 905 etiam
2682 841 2855 905 exuli

514 971 709 1032 quam
760 987 834 995 -—
888 952 961 1012 ut
1007 949 1373 1032 exemplum
1419 948 1684 1012 afferam
1720 984 1809 994 --
1846 950 2054 1011 morte
2098 946 2443 1032 propinqui
2492 946 2853 1031 profligatO,

515 1055 616 1119 cui
691 1053 897 1140 magis
971 1054 1234 1119 ferenda
1308 1054 1640 1119 calamitas
1716 1076 1911 1138 quam
1981 1054 2293 1136 utendum
2366 1059 2505 1117 erat
2576 1054 2853 1119 fortuna.

510 1160 901 1246 Exemplum
945 1162 1146 1226 habes
1197 1159 1491 1226 Cratetis,
1586 1161 1711 1238 Qui
1758 1184 1904 1225 cum
1949 1158 2375 1245 MetrodorUS‚
2422 1160 2852 1246 Theophrasti

510 1273 651 1332 tum
706 1268 1084 1354 discipulus,
1143 1267 1387 1353 aliquid
1434 1268 1626 1333 nimis
1677 1290 1867 1353 aegre
1913 1268 2111 1333 ferret
2158 1272 2350 1352 atque
2396 1264 2511 1332 ὑπ’
2563 1266 2857 1352 ἀθυμίας

511 1381 682 1440 οἴκοι
737 1376 1197 1452 κατάκλειστος
1253 1379 1439 1461 esset,
1497 1375 1576 1439 ad
1625 1398 1773 1439 eum
1824 1374 1983 1438 adiit
2029 1378 2221 1459 atque
2269 1374 2327 1438 ei
2371 1373 2695 1458 persuasit
2744 1376 2854 1439 διὰ

507 1493 644 1547 τῶν
671 1485 909 1566 λόγων,
938 1478 1146 1567 μηδὲν
1174 1488 1436 1567 φαῦλον
1463 1480 1890 1566 πεποιηκέναι
1920 1504 2068 1545 eum
2100 1481 2339 1567 (Laert.
2368 1479 2556 1565 Diog.
2587 1479 2699 1565 VI,
2720 1478 2852 1567 94).

507 1589 689 1653 Idem
742 1589 988 1674 primus
1046 1590 1122 1655 de
1179 1589 1370 1655 exilio
1429 1590 1799 1654 consolatus
1859 1611 1997 1653 esse
2051 1593 2353 1653 narratur
2409 1586 2607 1675 (Plut.
2654 1609 2853 1670 quom.

509 1698 676 1762 adul.
724 1698 802 1763 ab
847 1720 968 1762 am.
1007 1700 1323 1763 internosc.
1372 1720 1420 1761 0.
1452 1698 1536 1763 28
1583 1721 1643 1781 Ρ.
1686 1697 1767 1761 69
1783 1694 1860 1780 ῦς
1908 1694 1985 1761 ef.
2027 1696 2267 1761 Weber
2310 1698 2382 1761 de
2417 1694 2623 1759 Dione
2660 1693 2854 1777 Chry-

507 1810 764 1869 sostomo
813 1803 1183 1888 Cynicorum
1227 1811 1514 1871 sectatore
1560 1803 1630 1869 in
1676 1804 1881 1888 Leipz.
1922 1804 2078 1869 stud.
2117 1802 2176 1867 X
2215 1827 2274 1887 Ρ.
2316 1798 2493 1889 261).
2557 1799 2849 1867 'Eiectus

510 1908 682 1975 em‘m
744 1910 814 1975 in
878 1911 1143 1976 exilium
1196 1912 1564 1978 Demetrius
1619 1910 1970 1975 Phalereus
2037 1932 2183 1975 cum
2235 1908 2491 1975 Thebas
2554 1908 2853 1994 venisset,

507 2018 790 2101 primum
832 2018 1295 2084 reformidabat
1333 2018 1612 2085 Cratetis
1651 2018 1931 2101 κυνικὴν
1966 2020 2344 2104 παρρησίαν
2381 2021 2575 2102 atque
2614 2019 2856 2099 λόγους

506 2138 797 2211 τραχεῖς,
853 2132 1080 2209 postea
1135 2126 1344 2210 ἡδίων
1391 2130 1745 2211 γενόμενος
1788 2124 1898 2191 καὶ
1944 2124 2419 2212 ἀναθαρρήσας
2463 2124 2652 2209 abiit,
2708 2146 2847 2188 cum

512 2230 790 2316 Cynicus
831 2234 1101 2298 comiter
1139 2234 1214 2298 de
1261 2234 1453 2299 exilio
1497 2257 1641 2298 cum
1680 2255 1756 2297 eo
1795 2232 2151 2297 collocutus
2200 2236 2387 2296 esset.
2465 2229 2739 2316 Cynicos
2779 2234 2853 2293 ut

509 2337 579 2403 in
615 2339 760 2404 aliis
799 2341 990 2405 rebus
1024 2338 1227 2405 Stoici
1265 2340 1470 2405 secuti
1507 2344 1679 2425 sunt,
1721 2362 1867 2403 cum
1900 2338 2366 2423 imperatorum
2402 2342 2612 2401 aetate
2652 2336 2850 2401 simili

508 2444 681 2510 vitae
737 2451 930 2531 atque
986 2470 1241 2512 morum
1297 2446 1695 2531 condicione,
1752 2450 1945 2531 atque
2001 2444 2370 2509 hellenismi
2427 2444 2538 2530 qui
2585 2449 2853 2509 vocatur

505 2553 926 2637 temporibUS,
966 2576 999 2617 e
1039 2552 1367 2617 doctrinae
1406 2552 1540 2616 alto
1579 2550 1843 2636 fastigio
1884 2551 1962 2615 ad
1991 2549 2193 2615 vitam
2229 2549 2618 2614 cotidianam
2656 2556 2850 2634 atque

508 2682 698 2723 usum
753 2659 1224 2724 descenderent.
1325 2658 1604 2743 Utrique
1663 2657 1865 2743 igitur
1910 2655 2111 2721 aetati
2166 2657 2482 2721 debentur
2527 2657 2736 2721 libelli
2792 2656 2851 2721 ei

509 2766 620 2852 qui
669 2766 921 2831 exulem
967 2772 1041 2830 ut
1088 2767 1576 2830 consolarentur
1634 2764 1984 2848 conscripti
2041 2769 2321 2828 aetatem
2375 2764 2691 2850 tulerunt,
2740 2764 2851 2829 alii

506 2874 763 2957 intacti,
819 2872 930 2970 alii
984 2873 1055 2937 in
1107 2873 1457 2958 epitomam
1514 2872 1847 2937 contracti.
1958 2871 2409 2957 Epigonorum
2465 2869 2637 2936 enim
2692 2876 2849 2937 tem-

504 2980 771 3065 poribus
817 2981 1037 3045 Teles
1089 3003 1448 3045 sermonem
1489 2978 1640 3067 περὶ
1689 2988 1909 3065 φυγῆς
1957 2978 2345 3063 composuit,
2394 2979 2506 3063 qui
2553 2979 2846 3063 quamvis

507 3092 842 3172 excerptus
892 3112 930 3151 a
964 3088 1303 3153 Theodoro
1350 3087 1567 3152 nescio
1617 3109 1745 3171 quo
1796 3085 1861 3150 in
1914 3084 2177 3151 Stobaei
2226 3085 2545 3171 florilegio
2597 3083 2731 3172 (40,
2779 3082 2849 3169 8)

507 3200 824 3279 servatur,
899 3217 1090 3279 quem
1163 3217 1368 3278 nuper
1442 3216 1588 3257 011111
1666 3193 1892 3258 ceteris
1966 3192 2207 3257 Teletis
2281 3190 2571 3275 reliquiis
2648 3189 2848 3253 edidit

505 3301 722 3365 Hense
771 3301 1102 3386 (Friburgi
1144 3301 1312 3367 1889
1360 3325 1420 3385 p.
1449 3302 1529 3365 14
1559 3298 1742 3386 sqq.)
1835 3300 2308 3384 Imperatorum
2359 3301 2569 3360 aetate
2615 3295 2847 3359 Roma—

401 3429 405 3433 ·
503 3430 736 3471 norum
801 3408 876 3470 de
943 3407 1134 3471 exilio
1201 3411 1471 3492 egerunt
1525 3406 1923 3471 Musonius
1970 3442 2055 3453 -—
2115 3408 2409 3469 servatur
2472 3426 2511 3467 a
2567 3401 2845 3467 Stobaeo

504 3515 538 3577 l.
594 3537 642 3578 0.
693 3516 732 3578 9
790 3520 983 3598 caput
1037 3513 1421 3598 inscriptum
1477 3516 1891 3579 Μουσωνίου
1958 3511 2027 3576 ἐκ
2082 3519 2201 3576 τοῦ
2257 3511 2357 3575 ὅτι
2414 3510 2493 3574 οὐ
2546 3512 2752 3577 κακὸν
2806 3510 2846 3594 ἡ

506 3624 687 3707 φυγή
745 3660 829 3668 -—
887 3626 952 3686 et
1005 3619 1472 3685 Plutarchus
1525 3620 1749 3685 libello
1816 3619 1929 3703 qui
1991 3616 2141 3703 περὶ
2198 3626 2416 3702 φυγῆς
2471 3617 2849 3683 inscribitur

505 3751 748 3814 graece,
802 3728 1001 3792 latine
1053 3726 1336 3793 Seneca
1391 3728 1504 3813 qui
1551 3726 1882 3811 dialogum
1927 3724 2069 3790 XII.
2119 3723 2381 3808 scripsit
2427 3728 2513 3790 ad
2554 3728 2849 3791 Helviam

503 3840 761 3900 matrem
797 3837 869 3899 de
903 3835 1323 3919 consolatione,
1351 3840 1428 3902 ut
1465 3857 1605 3898 eam
1643 3835 1720 3897 de
1760 3856 1875 3897 suo
1914 3832 2119 3916 ipsius
2152 3829 2345 3895 exilio
2387 3832 2843 3897 consolaretur.

682 3940 930 4018 Quibus
996 3964 1142 4005 cum
1202 3941 1585 4025 praesertim
1648 3940 1720 4004 in
1772 3939 2171 4004 instituenda
2226 3938 2603 4023 quaestione
2656 3936 2843 4001 nobis

505 4048 814 4114 utendum
861 4052 986 4132 est,
1044 4054 1187 4113 tum
1242 4070 1317 4112 ea
1372 4047 1734 4111 adhibenda
1789 4050 1978 4111 erunt
2034 4068 2198 4130 quae
2252 4045 2360 4110 1110
2406 4045 2542 4109 11110
2585 4044 2656 4106 111
2701 4041 2844 4106 aliis

501 4155 1040 4240 philosophorum
1093 4154 1352 4239 scriptis
1410 4154 1629 4219 latent.
1730 4152 1823 4219 Ut
1879 4153 2049 4218 enim
2116 4153 2184 4217 in
2240 4150 2537 4216 omnibus
2595 4147 2843 4213 artibus

502 4263 878 4328 liberalibus
942 4267 1234 4329 veterum
1290 4262 1454 4326 alius
1511 4262 1577 4326 in
1637 4261 1765 4326 alio
1830 4259 2320 4325 fundamentum
2382 4257 2693 4339 ponebat,
2751 4256 2847 4320 ita

504 4371 580 4433 de
657 4370 1206 4435 consolationibus
1280 4370 1404 4433 hoc
1468 4390 1767 4453 expresse
1832 4369 2251 4433 confirmatur
2317 4362 2645 4427 Ciceronis
2711 4364 2843 4427 illis

502 4476 716 4540 verbis
765 4476 976 4562 (Tuse.
1018 4477 1177 4560 disp.
1217 4476 1332 4561 III,
1373 4478 1475 4561 34,
1507 4473 1649 4562 81):
1696 4481 1844 4541 sunt
1884 4476 2048 4539 enim
2092 4477 2255 4537 certa
2291 4491 2447 4554 quae
2482 4472 2554 4535 de
2583 4492 2847 4555 pauper-
