3309 5167
1462 417 1534 425 ---
1631 379 1716 445 26
1813 418 1886 427 .-

508 541 853 607 retinebat:
903 541 980 606 of.
1029 539 1206 605 Stob.
1243 543 1352 625 29,
1393 542 1476 607 78
1525 536 1616 627 (ΙΙ
1657 563 1717 625 p.
1755 542 1852 625 13,
1886 540 1967 607 15
1996 537 2139 627 M.);
2190 541 2296 624 48,
2334 540 2415 604 67
2466 537 2561 627 (II
2596 564 2655 624 p.
2695 542 2845 626 272,

508 651 549 716 5
569 646 728 736 sq.);
778 651 923 734 117,
953 649 992 713 8
1032 643 1158 733 (IV
1185 670 1244 731 p.
1277 648 1380 731 88,
1409 643 1552 734 21);
1595 645 1751 711 Exc.
1782 646 1918 711 flor.
1948 646 2135 711 Joan.
2163 646 2459 713 Damaso.
2485 646 2569 732 H,
2593 648 2693 732 13,
2718 650 2845 713 123

507 756 714 840 (Stob.
757 757 894 820 flor.
933 753 1122 819 Mein.
1163 752 1259 819 IV
1293 777 1353 837 p.
1384 754 1531 838 212,
1572 752 1703 839 18).
1783 751 1972 818 Alter
2018 751 2332 838 Stilponis
2380 754 2559 819 loeus
2603 753 2673 819 in
2717 752 2845 820 alio

506 863 792 929 Musonii
861 863 1224 947 fragmento
1287 859 1800 947 recognoscitur,
1876 860 2049 945 quod
2120 860 2291 945 apud
2359 858 2536 926 Stob.
2592 862 2705 945 48,
2762 862 2844 926 67

505 970 602 1058 (II
645 994 704 1056 p.
744 971 871 1036 271
921 968 1140 1056 Mein.)
1191 972 1484 1035 servatur
1535 968 1924 1054 inscriptum
1976 972 2073 1035 M.
2121 967 2191 1035 ἐκ
2245 977 2366 1033 τοῦ
2421 968 2523 1033 ὅτι
2576 974 2847 1053 φιλοσο-

505 1076 755 1162 φητέον
798 1074 908 1143 καὶ
944 1088 1085 1154 τοῖς
1120 1080 1524 1161 βασιλεῦσιν.
1599 1076 1774 1153 Quae
1811 1099 1959 1143 cum
1994 1077 2065 1141 in
2099 1075 2313 1161 priore
2351 1080 2535 1160 parte
2572 1079 2849 1141 traeten-

503 1189 636 1269 tur,
701 1183 773 1249 in
834 1184 1191 1269 posteriore
1263 1184 1377 1266 ὅγε
1441 1186 1813 1269 φιλόσοφος
1874 1184 1976 1251 ὅτι
2039 1184 2301 1261 πάντως
2362 1182 2473 1249 καὶ
2536 1185 2847 1268 βασιλεύς

503 1290 591 1380 (p.
631 1292 782 1377 275,
818 1290 933 1379 23)
981 1293 1475 1357 demonstratur.
1559 1292 1693 1357 Ubi
1729 1328 1811 1339 —-
1852 1296 2197 1377 postquam
2252 1292 2475 1357 eadem
2524 1290 2847 1355 sententia

504 1398 838 1484 Stilponea
884 1399 1161 1484 quadam
1197 1398 1623 1483 ambiguitate
1661 1398 1979 1485 explicata
2024 1404 2125 1465 est
2162 1397 2471 1484 exemplis
2512 1400 2743 1485 ἰατροῦ
2780 1402 2845 1463 et

501 1516 824 1593 μουσικοῦ
868 1544 942 1553 -
985 1506 1144 1571 dicit
1189 1505 1444 1572 Stoicus
1491 1505 1602 1572 ille

590 1637 650 1699 p.
689 1614 842 1699 276,
883 1614 980 1680 15.
1046 1611 1156 1679 καὶ
1221 1614 1304 1697 δὴ
1367 1611 1478 1679 καὶ
1543 1615 1884 1698 βασιλικὸς
2079 1613 2299 1679 Teles
2315 1614 2491 1698 p.16,
2509 1613 2605 1678 15.
2622 1621 2700 1699 τῇ
2717 1614 2841 1699 γὰρ

501 1720 970 1807 παραπλησίως
1055 1730 1145 1809 τῷ
1235 1719 1605 1810 κεκτημένῳ
1697 1726 1883 1787 πολ-
1992 1720 2156 1807 αὐτῇ
2193 1719 2562 1807 ἐμπειρίᾳ
2586 1720 2844 1806 χειρούυ

502 1831 687 1905 λοὺς
749 1829 1085 1912 ὑπηκόους
1139 1828 1174 1894 ὁ
1228 1830 1400 1913 ,ἔχων
1453 1827 1588 1893 ἕνα
1651 1826 1694 1911 ἣ
1760 1828 1881 1894 δύο
1991 1852 2197 1913 μενον
2250 1825 2360 1892 καὶ
2423 1829 2607 1904 τοὺς
2659 1832 2843 1892 πολ-

500 1939 657 2013 τοὺς
700 1934 1146 2022 πειθομένους
1179 1936 1380 2023 αὐτῷ·
1427 1938 1638 2023 μόνον
1684 1933 1881 2020 ἐχέτω
1995 1939 2176 2013 λοὺς
2194 1932 2303 2001 καὶ
2331 1936 2469 1999 τὸν
2488 1932 2623 1999 ἕνα
2653 1982 2705 1998 ..
2734 1931 2843 1998 καὶ

500 2044 622 2127 τὴν
666 2052 787 2108 τοῦ
833 2044 1209 2128 βασιλεύειν
1256 2041 1670 2129 ἐμπειρίαν
1716 2044 1882 2109 ὥστε
1994 2052 2067 2128 τῇ
2115 2042 2283 2128 ἀρχῇ
2332 2046 2549 2118 καλῶς
2601 2032 2710 2105 καὶ
2765 2048 2843 2126 τῇ

500 2148 610 2217 καὶ
657 2152 996 2236 βασιλικὸς
1040 2156 1142 2233 εἴη
1188 2151 1290 2215 ἄν.
1992 2152 2284 2237 ἰδιωτείᾳ
2340 2151 2477 2215 ἔστι
2534 2155 2842 2234 χρῆσθαι.

500 2258 772 2323 Duobus
820 2258 1022 2345 igitur
1053 2258 1224 2337 ‚locis
1270 2280 1510 2341 paucos
1558 2280 1781 2323 versus
1828 2257 1924 2323 ita
1968 2259 2140 2343 apud
2184 2256 2563 2322 recentioris
2608 2255 2841 2320 aetatis

501 2365 859 2451 scriptores.
913 2388 1242 2430 occurrere
1308 2362 1782 2450 cognoscimus,
1855 2369 1931 2430 ut
1992 2388 2069 2430 ea
2131 2365 2207 2430 de
2271 2364 2431 2450 ipsis
2490 2362 2841 2448 Stilponeis

501 2478 794 2557 sumptos
833 2496 971 2538 esse
1009 2476 1340 2558 appareat3
1387 2472 1665 2537 fortasse
1704 2471 1831 2538 Cic.
1866 2476 2088 2557 parad.
2122 2472 2207 2557 H,
2249 2473 2329 2537 18
2366 2472 2651 2555 (mortem
2688 2471 2845 2535 mihi

498 2582 816 2646 minitaris
858 2586 930 2646 ut
963 2582 1212 2646 omnino
1249 2580 1326 2645 ab
1361 2580 1728 2665 hominibus,
1774 2602 1861 2645 an
1904 2582 2213 2647 emiliam
2248 2584 2321 2644 ut
2361 2580 2448 2643 ab
2484 2578 2845 2659 improbis

499 2688 968 2770 demiyra-ndum
1019 2688 1131 2773 sit)
1193 2686 1264 2753 in
1316 2686 1695 2752 memoriam
1748 2686 1872 2753 tibi
1927 2691 2184 2753 revocet
2236 2685 2399 2751 illud
2454 2682 2543 2773 (p.
2586 2686 2687 2769 17,
2734 2682 2842 2771 12)

500 2796 750 2860 οὔκουν
795 2793 1137 2881 ἀκλήρημά
1180 2818 1243 2861 τι
1288 2792 1398 2860 καὶ
1443 2797 1705 2873 ὄνειδος
1749 2793 1941 2880 ἐμόν,
1994 2797 2057 2859 εἰ
2099 2794 2187 2879 μὴ
2235 2794 2422 2878 μετὰ
2476 2802 2844 2879 πονηρῶν

499 2903 772 2985 οἰκήσω;
864 2900 1107 2967 Contra
1157 2924 1366 2988 neque
1423 2901 1542 2971 illa,
1588 2925 1648 2987 p.
1693 2902 1793 2987 75,
1832 2901 2095 2967 20--28
2146 2898 2283 2988 (καὶ
2334 2901 2459 2987 γὰρ
2516 2900 2599 2984 δὴ
2646 2900 2841 2966 δυοῖν

500 3008 751 3093 ἀνάγκη
798 3011 873 3075 τὸ
919 3007 1166 3095 ἕτερον,
1211 3008 1252 3093 ἢ
1293 3009 1538 3087 ἀδίκως
1581 3008 1622 3093 ἢ
1643 3008 1648 3011 ’
1671 3011 1942 3085 δικαίως
1979 3023 2052 3073 σε
2089 3005 2395 3095 φεύγειν)
2432 3009 2509 3072 de
2549 3006 2840 3093 Stilpone

498 3119 641 3201 ipso
680 3115 1032 3200 sumpsisse
1059 3116 1431 3183 Musonium
1458 3114 1888 3181 demonstrari
1919 3119 2155 3200 potest,
2194 3138 2583 3200 quamquam
2619 3114 2841 3179 eadem

500 3223 593 3288 eis
639 3224 772 3287 fere
820 3224 1045 3288 subest
1090 3223 1258 3288 ratio
1306 3228 1498 3309 atque
1545 3222 1676 3287 illis
1723 3222 1963 3288 Teletis
2009 3246 2069 3308 p.
2104 3223 2204 3307 18,
2234 3224 2274 3287 3
2296 3244 2433 3306 sqq.
2471 3260 2546 3267 —
2587 3220 2839 3288 seilicet

497 3353 632 3396 non
675 3353 716 3394 a
759 3330 946 3395 malis
995 3330 1106 3395 sed
1153 3329 1425 3395 abonis
1474 3353 1507 3394 e
1553 3330 1767 3416 patria
1822 3329 1941 3395 eici
1995 3327 2421 3415 ignominiam
2476 3331 2541 3392 et
2594 3329 2839 3393 malum

501 3460 640 3502 esse
674 3472 750 3485 --·
781 3458 990 3522 neque
1035 3436 1314 3503 mediam
1349 3437 1530 3502 illam
1567 3441 1823 3523 partem
1859 3459 2006 3502 eum
2043 3433 2437 3520 disposuisse
2478 3433 2839 3520 Stilponem

500 3544 829 3609 imitatum
873 3541 982 3631 (cf.
1016 3546 1117 3630 72,
1139 3546 1310 3610 3-7
1360 3544 1570 3623 οὕτως
1613 3546 1744 3631 ἄρα
1788 3546 1955 3632 πρὸς
1996 3544 2071 3609 τὸ
2120 3543 2501 3609 διακεῖσθαι
2534 3555 2839 3630 κρεῖττον

501 3651 745 3729 αὐτοὺς
777 3648 1046 3716 -ἑαυτῶν
1081 3648 1191 3716 καὶ
1239 3662 1452 3737 σῶμα
1495 3650 1607 3717 καὶ
1650 3652 1910 3737 ψυχὴν
1956 3661 2267 3735 συνεργεῖ
2298 3654 2551 3734 μᾶλλον
2588 3650 2629 3736 ἢ
2667 3651 2839 3719 ἀντι-

499 3760 767 3845 πράττει
813 3758 854 3841 ἡ
902 3759 1102 3842 φυγή.
1174 3755 1318 3824 ἀλλ’
1369 3757 1516 3825 οὐδ’
1568 3758 1845 3846 ἀπορεῖν
1892 3768 2028 3823 τῶν
2081 3756 2535 3841 ἀναγκαίων
2578 3760 2840 3837 πάντως

499 3866 778 3952 ὑπάρχει
819 3876 959 3944 τοῖς
1002 3864 1420 3954 φεύγουσιν).
1491 3866 1784 3951 Utraque
1822 3864 1994 3931 enim
2030 3865 2355 3931 sententia
2390 3889 2535 3933 oum
2582 3868 2835 3952 saepius

500 3973 884 4060 inveniatur,
930 3974 1057 4040 loci
1097 3974 1197 4039 illi
1232 3974 1405 4039 inter
1441 3998 1508 4039 se
1548 3974 1887 4040 cohaerere
1923 3995 2057 4039 non
2092 3971 2410 4060 videntur,
2455 3972 2833 4059 praesertim

501 4102 646 4145 eum
691 4083 902 4166 figura
946 4080 1256 4147 orationis
1301 4086 1439 4147 tam
1484 4082 1738 4147 diversa
1782 4081 1885 4147 sit.

677 4188 769 4254 Ut
823 4188 1027 4275 igitur
1078 4189 1282 4254 totius
1337 4188 1530 4255 huius
1585 4189 1791 4275 partis
1841 4187 2211 4273 Stilponeae
2267 4189 2427 4252 duae
2478 4182 2831 4250 sententiae

501 4292 774 4378 singulis
839 4294 999 4361 loeis
1066 4296 1501 4381 reperiuntur,
1566 4318 1641 4361 ea
1701 4318 1863 4380 quae
1918 4295 2141 4362 Bionis
2208 4315 2347 4360 esse
2414 4290 2831 4377 cognovimus

502 4401 718 4465 omnia
769 4402 1025 4485 saepius
1083 4406 1444 4469 occurrunt.
1535 4401 1756 4487 Atque
1810 4401 2263 4468 similitudines
2319 4399 2465 4465 illas
2516 4399 2592 4463 de
2640 4398 2831 4464 domo

501 4513 566 4574 et
611 4506 760 4571 navi
806 4507 1043 4592 petitas
1081 4508 1319 4575 iterum
1356 4510 1719 4595 iterumque
1758 4509 2027 4575 diversis
2066 4508 2135 4572 in
2169 4509 2359 4573 rebus
2398 4506 2835 4573 adhibuerunt
