3309 5167
1362 414 1436 423 -
1539 376 1660 441 101
1746 320 2325 422 ’“-·-“’”·“”’“”“

599 540 1073 605 Perlustremus
1116 537 1318 623 igitur
1354 535 1637 603 breviter
1671 536 1845 600 hunc
1882 535 2237 619 dialogum!
2301 534 2656 619 Postquam
2694 536 2772 599 de

427 648 561 713 suis
599 652 666 711 et
703 644 931 711 matris
962 646 1154 711 rebus
1192 643 1519 728 praefatus
1557 647 1676 728 est,
1714 643 1945 728 (capp.
1981 638 2181 730 1—3)
2219 645 2412 726 atque
2451 642 2772 726 quomodo

424 752 860 838 dispositurus
901 752 987 818 sit
1023 752 1360 818 materiam
1397 750 1707 816 indicavit
1746 749 1907 834 (cap.
1945 747 2038 836 4),
2072 749 2349 833 primam
2387 749 2774 814 sententiam

424 863 815 946 φιλοσόφως
875 859 1062 944 ponit
1124 858 1313 924 initio
1380 880 1533 942 cap.
1589 857 1660 942 5,
1725 878 1889 941 quae
1961 855 2177 921 nescio
2242 878 2327 920 an
2398 854 2775 921 Aristonem

424 966 692 1051 resipiat
749 963 854 1053 (cf.
893 968 966 1033 de
1010 968 1147 1033 virt.
1184 970 1241 1031 et
1281 967 1380 1030 vit.
1423 986 1471 1029 c.
1518 967 1551 1030 1
1601 966 1676 1029 τὸ
1734 962 1861 1029 ἀπὸ
1909 972 2025 1048 τῆς
2068 970 2285 1048 ψυχῆς
2340 960 2644 1049 γῆθος),
2699 967 2774 1027 ut

425 1073 638 1157 prima
682 1074 880 1139 verba
924 1095 1057 1157 cap.
1089 1074 1150 1160 6,
1181 1076 1214 1139 1
1265 1069 1549 1161 (Remoto
1595 1090 1735 1156 eryo
1781 1072 2009 1137 iudicio
2032 1071 2339 1154 plurium,
2384 1090 2533 1153 quos
2557 1072 2775 1152 prima

422 1202 632 1245 rerum
657 1182 878 1264 speeies
903 1186 1226 1263 utcumque
1250 1180 1482 1246 eredita
1507 1184 1597 1244 est
1623 1178 1847 1263 aufert,
1872 1179 2187 1243 videamus
2214 1178 2367 1260 qaid
2382 1178 2466 1242 sit
2488 1176 2773 1261 exilium)

425 1309 794 1372 comparare
833 1285 1044 1372 possis
1093 1308 1240 1350 cum
1274 1283 1661 1349 Plutarcheo
1702 1281 1782 1371 (c.
1814 1285 1853 1350 8
1882 1306 1942 1367 p.
1974 1284 2103 1349 602
2123 1280 2207 1371 Β)
2246 1282 2331 1348 ἂν
2368 1284 2494 1369 γὰρ
2531 1291 2777 1369 σκοπῇς

424 1396 588 1459 ἄνευ
624 1402 818 1477 κενῆς
853 1392 1050 1477 δόξης
1075 1394 1198 1476 τὴν
1234 1391 1577 1473 ἀλήθειαν.
1644 1390 1820 1467 Quae
1850 1393 1889 1471 ξ
1919 1392 1960 1455 3
1987 1389 2267 1475 disserit,
2300 1394 2649 1475 postquam
2676 1393 2775 1472 §2

425 1500 782 1586 sapientem
811 1524 878 1566 se
914 1523 1047 1566 non
1086 1522 1224 1565 esse
1263 1498 1630 1582 affirmavit,
1661 1496 2081 1583 Cyrenaicam
2107 1497 2467 1563 doctrinam
2495 1496 2776 1582 resipere

424 1608 727 1673 videntur
771 1605 996 1695 (quam
1031 1610 1250 1671 tamen
1294 1627 1428 1670 non
1462 1627 1579 1689 per
1614 1604 1831 1689 ipsum
1869 1604 2293 1690 Cyrenaicum
2326 1604 2545 1670 nescio
2584 1628 2777 1690 quem

427 1714 745 1798 accepisse
776 1736 924 1779 eum
949 1736 1210 1779 necesse
1239 1717 1338 1777 est
1367 1710 1787 1801 statuamus).
1818 1712 2109 1777 conferas
2140 1734 2377 1797 quaeso
2407 1713 2591 1778 Tusc.
2614 1712 2775 1797 disp.

426 1821 545 1909 ΙΙΙ,
585 1823 686 1908 13,
722 1822 835 1886 28:
883 1819 1206 1905 Cyrenaici
1249 1841 1373 1886 non
1419 1822 1590 1886 omni
1632 1820 1801 1885 malo
1847 1820 2291 1903 aeyritadinem
2328 1820 2492 1902 effici
2524 1825 2778 1899 emiserit,

423 1930 529 1993 sed
570 1930 880 2011 insperato
927 1933 986 1993 et
1034 1928 1391 2010 necopinato
1447 1928 1627 1992 malo,
1720 1925 1896 2002 Quae
1953 1949 2344 2011 quamquam
2397 1926 2466 1991 in
2512 1948 2778 2010 sequen-

425 2034 599 2100 tibus
639 2039 713 2100 ut
751 2035 919 2100 solet
957 2036 1038 2099 ad
1075 2058 1144 2100 se
1173 2034 1389 2119 ipsum
1417 2032 1701 2098 referens
1731 2032 1953 2098 multis
1982 2033 2199 2098 verbis
2227 2033 2522 2119 explicat,
2559 2037 2779 2097 tamen

424 2143 622 2208 etiam
676 2142 746 2207 in
800 2142 1173 2207 universum
1228 2141 1404 2206 dicta
1456 2140 1842 2227 interponit,
1902 2163 2177 2225 quorum
2232 2139 2471 2205 similia
2526 2141 2775 2205 duobus

416 2248 583 2331 'locis
640 2248 1018 2315 Horatianis
1075 2253 1326 2314 extant:
1380 2271 1533 2313 nam
1589 2252 1654 2313 et
1713 2270 1876 2333 quae
1932 2247 2235 2312 dicuntur
2288 2271 2382 2332 ep.
2428 2248 2479 2333 I,
2524 2249 2622 2334 10,
2660 2249 2777 2313 30:

847 2358 1036 2439 Quem
1081 2378 1180 2423 res
1214 2358 1366 2440 plus
1410 2357 1605 2421 nimio
1641 2356 1997 2421 delectavere
2041 2357 2364 2439 secundae,

830 2465 1119 2531 Mutatae
1153 2464 1466 2548 quatient:
1511 2464 1722 2547 siquid
1762 2463 2079 2543 mirabere,
2113 2482 2308 2545 pones

835 2571 1086 2637 Invitus

430 2678 790 2762 comparari
834 2683 1109 2763 possunt
1155 2701 1302 2743 cum
1347 2677 1440 2741 eis
1498 2699 1663 2762 quae
1712 2674 1951 2741 Seneca
1996 2680 2033 2757 ξ
2081 2676 2123 2741 5
2170 2674 2460 2760 exponit,
2507 2679 2572 2739 et
2617 2674 2779 2739 illud

606 2785 958 2867 Improvisa
1002 2786 1190 2851 simul
1233 2786 1454 2868 speeies
1497 2790 1757 2849 exterret
1798 2788 2122 2867 atramque
2170 2782 2291 2868 (ep.
2330 2781 2389 2865 I,
2430 2783 2489 2868 6,
2530 2780 2643 2867 11)

431 2891 507 2955 de
562 2889 832 2955 timente
887 2895 953 2956 et
1008 2890 1302 2975 cupiente
1360 2890 1604 2955 dictum
1662 2889 2053 2955 contrariam
2106 2888 2426 2953 rationem
2469 2891 2657 2952 notat
2702 2889 2781 2974 ei,

430 3022 624 3083 quam
655 2996 894 3063 Seneca
931 3019 998 3061 se
1027 2999 1317 3061 secutum
1346 3018 1486 3061 esse
1515 2995 1674 3061 dicit
1710 2999 1749 3077 ξ
1780 2998 1837 3061 6.
1896 2994 2065 3080 Cap.
2089 2998 2128 3061 6
2168 2995 2245 3059 de
2274 2995 2777 3061 commutatione

426 3105 556 3170 loci
601 3103 820 3190 agitur
864 3103 985 3189 ita,
1039 3107 1114 3167 ut
1168 3102 1449 3188 primum
1503 3103 1799 3187 exempla
1853 3103 2204 3167 afferantur
2256 3100 2595 3167 hominum
2647 3125 2780 3167 non

428 3214 496 3279 in
549 3212 763 3298 patria
807 3210 1189 3297 viventium,
1249 3209 1476 3275 deinde
1535 3213 1731 3277 inesse
1782 3210 2135 3277 naturalem
2189 3211 2505 3293 quandam
2558 3211 2779 3275 inrita-

428 3322 650 3385 tionem
685 3320 920 3385 animis
956 3321 1376 3385 commutandi
1419 3320 1582 3385 sedes
1627 3324 1687 3383 et
1720 3318 2137 3399 transferendi
2171 3317 2487 3383 domicilia
2524 3316 2779 3382 demon-

431 3429 696 3511 stretur,
752 3448 899 3491 cum
956 3424 1252 3490 caelestis
1307 3423 1397 3489 sit
1441 3423 1642 3489 animi
1690 3424 1903 3510 origo,
1957 3422 2257 3488 caelestia
2303 3427 2519 3487 autem
2566 3423 2782 3489 omnia

431 3536 808 3598 moveantur
855 3536 1048 3617 atque
1091 3536 1368 3617 agantur
1416 3531 1518 3615 (cf.
1559 3531 1770 3595 Zeller
1804 3530 1921 3615 III,
1962 3533 1995 3596 1
2047 3553 2105 3613 p.
2147 3527 2326 3618 201).
2414 3529 2780 3597 Stoicorum

429 3639 557 3705 hoc
593 3643 1040 3723 argumentum
1077 3643 1178 3705 est
1214 3644 1281 3703 et
1311 3637 1562 3705 Stoicos
1604 3637 1843 3704 Seneca
1879 3637 2118 3722 laudat,
2158 3659 2304 3702 cum
2342 3637 2499 3702 dicit
2534 3641 2780 3704 invenio

429 3748 539 3829 qui
564 3747 784 3811 dicant.
850 3744 1251 3829 Quamquam
1279 3747 1500 3811 eadem
1529 3744 1850 3810 sententia
1878 3743 2036 3809 alibi
2072 3765 2205 3808 non
2234 3744 2533 3829 occurrit,
2563 3749 2779 3809 tamen

337 3924 343 3930 ,
431 3850 672 3918 similia
723 3851 1030 3936 leguntur
1084 3852 1151 3917 in
1207 3852 1356 3918 diss.
1405 3852 1615 3937 Epict.
1663 3851 1789 3938 ΙΠ,
1838 3852 1949 3937 24,
1991 3853 2101 3936 10,
2160 3873 2305 3915 cum
2359 3850 2465 3915 hic
2525 3873 2779 3937 quoque

430 3958 658 4025 mundi
711 3958 924 4044 legem
979 3981 1116 4025 esse
1173 3964 1562 4047 exponatur,
1624 3964 1700 4039 ut
1755 3958 1972 4023 omnia
2022 3962 2428 4043 moveantur,
2486 3958 2779 4043 quamvis

433 4090 569 4133 non
596 4066 820 4131 eadem
859 4066 1232 4132 caelestium
1259 4072 1325 4133 et
1353 4066 1551 4132 animi
1582 4066 1850 4131 humani
1879 4065 2061 4149 origo
2093 4069 2449 4149 prematur:
2489 4064 2782 4149 ἀνάγκη

429 4175 746 4262 περίοδόν
807 4196 960 4238 τινα
1024 4169 1196 4239 εἶναι
1249 4174 1358 4239 καὶ
1417 4175 1888 4260 παραχώρησιν
1942 4174 2165 4237 ἄλλων
2226 4173 2485 4253 ἄλλοις,
2537 4169 2647 4235 καὶ
2701 4173 2782 4236 τὰ

433 4278 553 4364 μὲν
607 4281 1033 4364 διαλύεσθαι,
1088 4283 1167 4346 τὰ
1225 4278 1282 4346 δ’
1340 4281 1830 4365 ἐπιγίγνεσθαι,
1886 4280 1973 4344 τὰ
2027 4274 2167 4363 μὲν
2223 4276 2497 4361 μένειν
2558 4276 2640 4341 ἐν
2686 4288 2781 4365 τῷ

434 4388 663 4477 αὐτῷ,
715 4389 804 4454 τὰ
861 4384 945 4453 δὲ
989 4394 1414 4453 κινεῖσθαι.
1507 4387 1704 4453 Cuius
1751 4385 1877 4451 loci
1924 4408 2146 4450 rursus
2194 4382 2425 4449 similis
2473 4388 2571 4447 est
2617 4383 2781 4447 alius

433 4491 844 4559 Annaeanus:
891 4516 985 4579 ep.
1030 4497 1132 4581 71,
1178 4498 1256 4561 12
1303 4494 1475 4559 enim
1522 4494 1767 4559 cladem
1805 4490 2071 4558 Catonis
2116 4513 2248 4557 non
2285 4489 2492 4556 maius
2539 4490 2782 4555 malum
