3309 5167
406 541 656 631 θέρους
697 543 868 629 ἡμᾶς
909 542 1020 609 καὶ
1067 542 1468 628 λελυμένους
1513 544 1792 627 ἀφίησιν
1836 564 1887 607 e.
1924 564 1984 626 q.
2022 564 2089 627 3.,
2136 540 2496 607 invenimus
2543 545 2739 605 etiam

406 651 574 735 apud
631 651 918 715 Teletem
969 652 1057 736 (p.
1101 650 1201 735 15,
1244 648 1382 737 14);
1437 650 1609 735 quod
1665 650 1773 715 hic
1828 654 1894 714 et
1948 649 2017 713 in
2072 648 2490 733 sequentibus
2543 649 2780 713 verba·

405 757 816 823 cumulantur
867 757 1140 822 Bionem
1201 756 1444 823 indicat
1510 753 1755 843 (Hense
1811 778 1869 839 p.
1910 752 2179 843 OVIID:
2245 756 2367 838 τὴν
2430 764 2558 840 γῆν
2618 756 2742 837 τὴν

404 864 746 930 θάλατταν
792 866 914 929 ’τὸν
958 860 1119 949 ἀέρα
1173 864 1292 928 τὸν
1337 863 1628 947 οὐρανόν
1672 898 1747 908 -
1790 861 1977 947 ἡμεῖς
2022 855 2083 924 δ’
2136 858 2326 925 αὐτοὶ
2373 858 2742 945 συνδέομεν

407 969 711 1055 ἑαυτοὺς,
767 978 1420 1056 συστενοχωροῦμεν,
1479 968 2188 1054 ἐγκατοικοδομοῦμεν,
2244 970 2339 1044 εἰς
2387 969 2586 1055 μικρὰ
2631 965 2741 1032 καὶ

405 1081 684 1164 γλίσχρα
727 1078 1237 1162 συνελαύνομεν.
1310 1076 1622 1141 Eiusdem
1660 1081 1876 1141 autem
1913 1076 2114 1141 fontis
2153 1098 2187 1139 e
2225 1076 2536 1139 scatebris
2574 1076 2740 1140 unde

403 1184 562 1249 haec
615 1184 834 1250 hausit
876 1183 1262 1249 Plutarchus
1320 1206 1395 1249 ea
1450 1205 1706 1268 quoque
1757 1184 2083 1248 fluxerunt
2130 1205 2292 1267 quae
2339 1183 2741 1267 antecedunt,

405 1313 681 1375 quorum
709 1296 774 1356 et
803 1290 1190 1355 sententiam
1219 1296 1286 1355 et
1313 1291 1589 1356 formam
1610 1288 2002 1375 Cynicorum
2030 1311 2169 1354 esse
2198 1290 2387 1354 facile
2413 1291 2739 1374 probetur.

405 1396 672 1483 Saepius
710 1397 882 1463 enim
918 1398 1014 1463 ita
1051 1398 1128 1463 de
1167 1398 1386 1483 aliqua
1420 1420 1490 1462 re
1528 1398 1756 1462 docere
1785 1395 2060 1482 Cynicos
2096 1396 2407 1482 videmus,
2445 1401 2519 1461 ut
2547 1418 2742 1481 quam

402 1528 603 1590 parva
633 1504 720 1571 sit
748 1510 922 1571 terra
948 1505 1244 1571 homines
1271 1504 1595 1570 recordari
1624 1504 1909 1589 iubeant,
1946 1504 2125 1569 velut
2150 1503 2219 1569 in
2250 1502 2393 1567 Sen.
2414 1526 2508 1588 ep.
2530 1505 2634 1588 91,
2660 1505 2738 1569 17

401 1611 765 1678 Alexander
806 1612 1080 1699 Magnus
1127 1605 1356 1678 infelix
1389 1613 1779 1697 nominatur,
1828 1611 2001 1696 quod
2038 1610 2461 1697 geometriam
2499 1609 2741 1675 discere

403 1719 678 1784 voluerit
723 1758 812 1767 —
858 1721 1082 1802 infelix
1144 1721 1216 1786 ob
1269 1720 1404 1805 hoe,
1467 1721 1632 1803 quod
1681 1720 2013 1802 intelliyere
2064 1719 2331 1797 debebat,
2390 1718 2627 1799 falsum
2680 1740 2743 1784 se

395 1848 600 1910 yerere
644 1849 1001 1911 coynomen:
1055 1829 1194 1910 quis
1247 1828 1412 1892 enim
1467 1848 1590 1892 esse
1651 1846 1915 1909 maynus
1967 1827 2039 1891 in
2077 1826 2314 1909 pusillo
2358 1826 2600 1909 potest?
2643 1863 2742 1909 —,

402 1932 548 1999 dial.
579 1934 691 2020 VI,
721 1937 824 2020 21,
859 1937 900 1999 2
947 1957 1094 1999 cum
1139 1939 1350 1999 terrae
1395 1934 1718 2019 parvitate
1767 1931 2051 1997 brevitas
2096 1932 2267 1996 vitae
2314 1937 2739 2016 comparatur.

405 2039 718 2106 Similiter
754 2042 923 2126 apud
957 2040 1381 2106 Plutarchum
1417 2062 1481 2106 π.
1513 2040 1750 2124 εὐθυμ.
1781 2062 1831 2103 c.
1860 2041 1903 2104 4
1930 2062 1989 2124 p.
2018 2039 2151 2104 466
2189 2038 2557 2104 Alexander
2590 2037 2741 2126 περὶ

400 2150 668 2232 κόσμων
712 2146 1014 2233 ἀπειρίας
1059 2145 1324 2213 ἀκούων
1369 2148 1529 2211 flens
1577 2146 1758 2211 dicit:
1814 2145 2001 2230 ,,Οὐκ
2046 2144 2235 2224 ἄξιον
2282 2147 2625 2233 δακρύειν,
2684 2150 2744 2212 εἰ

400 2255 667 2343 κόσμων
713 2257 927 2321 ὄντων
973 2252 1265 2341 ἀπείρων
1321 2252 1470 2331 ἑνὸς
1524 2251 1784 2319 οὐδέπω
1838 2254 2058 2339 κύριοι
2113 2256 2555 2339 γεγόναμεν;“
2610 2253 2742 2320 Ubi

401 2366 476 2425 ut
513 2362 877 2446 exemplum
905 2360 1184 2427 Cratetis
1213 2366 1352 2426 arte
1381 2383 1528 2425 cum
1553 2360 1679 2425 hoc
1708 2359 2122 2425 coniunctum
2150 2360 2396 2425 fontem
2430 2358 2743 2445 Cynicum

401 2466 669 2553 indicat,
732 2467 826 2532 ita
891 2468 1152 2533 omnino
1205 2467 1571 2549 Alexander
1628 2465 1886 2551 Cynicis
1952 2471 2018 2531 et
2079 2466 2511 2552 philosophici
2569 2468 2740 2553 regis

403 2574 765 2659 exemplum
819 2580 918 2640 est
975 2580 1038 2640 et
1093 2574 1354 2659 tyranni
1411 2574 1674 2659 superbi
1721 2569 1828 2660 (cf.
1866 2572 2055 2638 Dion.
2097 2571 2427 2658 Chrysost.
2467 2596 2557 2639 or.
2594 2574 2740 2661 IV).

579 2680 806 2767 Neque
842 2683 1054 2754 minus
1085 2681 1537 2747 similitudines
1568 2681 1645 2745 de
1684 2679 2149 2744 animalibus
2189 2686 2483 2765 sumptae
2513 2680 2738 2766 Cynici

408 2791 560 2851 sunt
607 2783 713 2873 (cf.
761 2788 1001 2853 Weber
1037 2812 1096 2872 p.
1132 2790 1256 2853 106
1270 2787 1457 2875 sqq).
1561 2786 1873 2852 Similiter
1928 2809 2121 2871 quam
2175 2810 2375 2871 parva
2428 2788 2515 2853 sit
2569 2793 2743 2852 terra

407 2892 699 2977 exemplo
745 2892 1159 2958 formicarum
1197 2898 1261 2958 et
1297 2893 1516 2978 apium
1553 2894 2033 2959 demonstratur
2068 2894 2139 2957 in
2172 2894 2360 2959 Dion.
2403 2893 2737 2979 Chrysost.

405 3021 493 3063 or.
531 2998 646 3063 XL
681 3022 741 3083 p.
777 3001 902 3064 178
921 3000 982 3063 R
1016 2999 1108 3064 11:
1162 3000 1411 3085 reliqua
1453 3000 1522 3065 in
1567 3000 1807 3065 mundo
1838 2992 2070 3065 =omnia
2125 3001 2416 3065 ordinem
2463 3006 2739 3087 servant,

402 3107 604 3192 μικρὰ
651 3102 725 3171 δὲ
769 3106 944 3171 οὕτω
988 3109 1297 3191 πολίχνια
1343 3118 1476 3172 τῶν
1523 3105 1969 3192 ἐπιτυχόντων
2006 3106 2387 3193 ἀνθρώπων
2422 3106 2533 3173 καὶ
2573 3112 2740 3193 ἔθνη

402 3211 658 3297 ἀσθενῆ
695 3223 1128 3279 κατοικοῦντα
1167 3213 1240 3279 ἐν
1275 3211 1457 3299 μέρει
1493 3223 1614 3298 γῆς
1651 3214 1733 3278 οὐ
1770 3214 2049 3279 δύναται
2084 3215 2208 3298 τὴν
2242 3214 2526 3300 ἡσυχίαν
2554 3218 2743 3298 ἄγειν

404 3316 561 3385 οὐδὲ
633 3317 990 3407 ἀθορύβως
1063 3318 1389 3403 ἀλλήλους
1450 3330 1771 3403 γειτνιᾶν;
1844 3318 1988 3386 ἀλλ’
2067 3323 2338 3407 ὄρνιθες
2410 3324 2530 3388 οὐκ
2604 3322 2744 3388 ἑπι-

405 3428 866 3510 βουλεύουσιν
898 3427 1125 3505 αὐτοῖς
1171 3424 1328 3492 οὐδὲ
1376 3426 1838 3513 διαφέρονται,
1886 3476 1899 3491 .
1939 3476 1953 3491 .
2010 3424 2168 3493 οὐδὲ
2213 3430 2613 3514 μύρμηκες
2649 3481 2664 3495 .
2704 3480 2741 3514 .,

408 3530 564 3597 οὐδὲ
629 3532 814 3619 ἑσμοὶ
871 3539 1174 3612 πλείονες
1227 3538 1615 3619 μελιττῶν
1663 3583 1677 3598 .
1715 3585 1730 3599 .
1806 3532 2255 3621 διαφέρονται.
2346 3535 2549 3612 Quem
2604 3560 2741 3602 sen-

407 3638 760 3704 tentiarum
817 3641 1106 3706 ordinem
1160 3640 1356 3706 etiam
1403 3642 1713 3726 sequitur·
1745 3664 1830 3706 or.
1869 3640 2147 3707 XLVIII
2196 3666 2257 3727 p.
2288 3645 2418 3707 245
2436 3644 2495 3707 R.
2530 3644 2613 3728 Π,
2668 3649 2741 3707 ut

407 3746 816 3811 concordiam
861 3748 1106 3813 civibus
1158 3749 1575 3834 commendet,
1622 3753 1691 3813 et
1736 3749 1956 3814 eadem
2004 3749 2137 3813 fere
2186 3749 2435 3815 ratione
2472 3772 2601 3833 qua
2635 3750 2741 3814 hic

403 3851 791 3918 Plutarchus
841 3852 1078 3919 Seneca
1120 3855 1533 3940 progreditur
1579 3860 1823 3941 quaest.
1852 3860 1983 3921 nat.
2013 3857 2047 3920 I
2088 3857 2249 3940 prol.
2280 3858 2320 3921 8
2342 3879 2507 3941 sqq.:
2553 3878 2741 3939 quam

402 3961 658 4025 ridiculi
691 3966 838 4025 sunt
863 3962 1222 4027 mortalium
1258 3965 1542 4027 termini!
1579 4015 1592 4027 .
1615 4014 1629 4027 .
1653 4016 1667 4027 .
1704 3966 1901 4047 siquis
1932 3964 2213 4045 formicis·
2246 3966 2341 4029 det
2376 3964 2741 4029 intellectum

401 4067 688 4152 hominis,
723 4089 927 4133 nonne
961 4074 1018 4133 et
1045 4070 1194 4134 illae
1227 4090 1423 4135 unam
1458 4092 1671 4136 aream
1700 4073 1770 4134 in
1796 4071 2026 4136 multas
2040 4072 2399 4153 provincias
2424 4068 2739 4135 divident?

403 4222 421 4238 .
451 4224 466 4238 .
496 4224 510 4237 .
549 4174 860 4239 Punctum
907 4182 997 4241 est
1037 4177 1223 4260 illud,
1267 4179 1336 4243 in
1381 4199 1498 4260 quo
1543 4180 1879 4263 navi-qam,
1925 4179 1994 4243 in
2038 4199 2157 4261 quo
2203 4178 2463 4261 bellatis,
2508 4178 2578 4241 in
2621 4197 2741 4259 quo

404 4302 594 4362 reyna
629 4283 953 4364 disponitis
988 4284 1274 4367 minima,
1309 4287 1494 4349 etiam
1521 4306 1660 4349 cum
1687 4286 1817 4349 illis
1843 4286 2150 4367 utrimque
2176 4304 2437 4349 oceanus
2463 4286 2739 4350 oemtrrit.

405 4384 696 4471 Denique
751 4411 830 4453 ne
877 4389 1154 4474 primam
1215 4389 1472 4474 quidem
1530 4389 1725 4454 huius
1791 4389 2019 4474 capitis
2075 4393 2327 4474 partem
2380 4413 2419 4453 a
2472 4391 2739 4476 reliquis

407 4496 824 4577 separandam
869 4518 1008 4561 esse
1053 4502 1214 4581 puto
1223 4548 1242 4582 ,
1289 4519 1435 4562 cum
1481 4501 1546 4560 et
1591 4496 2059 4561 sententiarum
2101 4520 2273 4563 nexu
2317 4498 2535 4563 omnia
2580 4500 2739 4564 bene
