3309 5167
1371 413 1454 423 --
1549 374 1679 443 105
1772 413 1857 423 -

454 536 854 623 σωφροσύνη
975 530 983 638 1
1149 538 1474 622 φρόνησις
1636 534 1642 639 Ι
1775 538 2161 621 δικαιοσύνη
2294 532 2302 643 Ι
2454 538 2729 623 ἀνδρεία

334 691 503 757 Plulz.
539 692 610 755 de
645 692 784 755 virt.
821 710 971 753 mor.
994 686 1185 769 ἀρετὴ
1217 691 1484 767 ποιητέα
1513 691 1628 768 μὲν
1649 694 2157 770 κοινωνήμαςι
2214 712 2281 755 τε
2560 729 2633 737 -

337 798 528 878 ἀρετὴ
641 795 972 875 ἐπιθυμίαν
994 796 1418 860 ἑπιςκοποῦςα
1526 798 1628 861 καὶ
1649 798 1751 861 καὶ
1798 797 2198 877 ςυμβολαίοις

335 910 649 985 κοςμοῦςα
720 906 821 969 καὶ
898 905 973 967 τὸ
996 904 1074 981 μὴ
1123 905 1390 981 ποιητέα
1650 904 1955 982 ὁμιλοῦςα
1973 909 2110 968 τοῖς
2125 904 2285 983 πρὸς

339 1016 593 1092 μέτριον
631 1013 733 1076 καὶ
765 1013 839 1076 τὸ
870 1010 971 1076 εὔ·
1650 1010 1910 1089 ἑτέρους
1956 1009 2147 1089 ἀρετὴ

338 1141 559 1198 καιρον
643 1120 714 1183 ἐν
795 1120 972 1199 ἡδο-

342 1233 508 1292 ναῖς
556 1226 850 1305 ὁρίζουςα

1651 1425 1722 1487 ἐν
1787 1423 1858 1485 δὲ
1920 1424 2378 1500 κοινωνή-ἑν
2440 1424 2511 1485 δὲ
2575 1423 2887 1487 κινδύνοις

338 1552 454 1628 τὴν
529 1548 837 1626 φρόνηςῑν
901 1549 973 1611 ἐν
1652 1550 1794 1608 μαςι
1892 1529 1995 1593 καὶ
2105 1531 2283 1592 πολι-
2309 1529 2409 1593 καὶ
2463 1528 2687 1594 πόνοις
2741 1552 2889 1608 καρ-

341 1658 454 1734 μὲν
482 1652 970 1733 ἡδοναῑςάγα-
1271 1714 1274 1717 ,
1651 1636 1843 1700 τείαις
1865 1635 2165 1712 εὐνομίαν
2185 1635 2288 1699 καὶ
2307 1635 2522 1714 τερίαν
2605 1637 2707 1700 καὶ
2781 1634 2889 1701 ἀν-

338 1764 492 1828 θοὺς
528 1761 974 1839 παρεχομένην
1636 1742 2053 1853 ,δικαῑοεύνην
2415 1741 2785 1820 δραγαθίαν.

339 1868 711 1947 ἐγκράτειαν
800 1868 903 1932 καὶ

341 1974 759 2052 ςωφροςύνην
865 1933 986 2037 xcx-l
1637 1934 1643 2059 1

341 2086 575 2160 λοῦμεν
1563 2118 1566 2121 »
1638 2062 1644 2165 Ι

338 1444 454 1521 τὴν
494 1439 834 1520 εὐβουλίαν
873 1440 974 1503 καὶ
1275 1457 1350 1467 ·-

444 2251 642 2316 Vides
715 2250 919 2335 igitur
989 2271 1121 2314 non
1195 2248 1405 2313 solum
1478 2250 1677 2314 verba
1749 2248 2077 2314 Aristonis
2151 2248 2520 2314 Plutarehei
2572 2253 2787 2334 'atque

443 2358 650 2423 libelli
701 2380 766 2423 π.
812 2358 1011 2442 τύχης
1067 2356 1456 2441 consentire,
1514 2356 1626 2421 sed
1682 2356 1879 2421 elziam
1937 2356 2314 2421 Aristonem
2360 2355 2587 2421 Galeni
2642 2379 2789 2421 oum

442 2465 826 2530 Plutareheo
855 2464 1128 2548 Zenone,
1166 2486 1558 2548 quamquam
1595 2484 1902 2549 magnum
1941 2465 2265 2549 quoddam
2292 2463 2579 2549 interest,
2618 2464 2789 2548 quod

443 2573 511 2637 in
573 2572 675 2637 his
742 2571 1040 2637 omnibus
1099 2575 1270 2636 reete
1335 2574 1654 2637 servatur:
1720 2572 1799 2635 de
1864 2571 2160 2637 Zenone
2224 2570 2459 2635 dicibur
2520 2571 2789 2635 verbum

445 2680 881 2763 ὁρίζεσθαι,
917 2682 992 2743 ut
1031 2678 1135 2743 sit
1172 2678 1379 2744 virtus
1417 2679 1576 2743 haee
1613 2683 1728 2745 aut
1757 2678 1872 2743 illa
1906 2679 1946 2762 ἡ
1986 2682 2339 2765 φρόνησις;
2377 2678 2454 2741 de
2481 2676 2787 2742 Aristone

447 2808 697 2869 semper
730 2788 926 2851 verbo
964 2792 1237 2852 καλεῖν
1272 2791 1572 2851 uruntur:
1620 2791 1871 2871 νομίζει
1907 2790 2068 2871 μίαν
2104 2781 2351 2852 οὖσαν
2387 2786 2510 2868 τὴν
2546 2784 2787 2871 ἀρετὴν

447 2893 828 2977 ὀνόμασιν
889 2896 1189 2959 πλείοσιν
1243 2894 1776 2978 ὀνομάζεσθαι
1830 2894 1994 2958 κατὰ
2047 2893 2170 2975 τὴν
2223 2894 2388 2978 πρός
2442 2916 2505 2956 τι
2561 2890 2788 2976 σχέσιν

447 2998 698 3087 (Galen.
746 2999 788 3064 l.
837 2996 936 3087 e.).
1019 2999 1246 3083 Neque
1292 3006 1509 3066 tamen
1555 2999 1699 3065 ideo
1756 3000 1926 3064 idem
1980 3000 2167 3065 docet
2222 3003 2416 3083 alque
2462 2998 2789 3084 Megarici,

443 3107 556 3193 qui
611 3108 936 3172 habebant
991 3106 1301 3172 virhutem
1355 3112 1514 3193 μίαν
1559 3114 1834 3185 πολλοῖς
1878 3108 2157 3192 ὀνόμασι
2214 3100 2631 3190 καλουμένην
2678 3103 2786 3192 (of.

440 3215 651 3279 Laert.
683 3214 870 3300 Diog.
903 3214 1048 3299 VII,
1085 3211 1267 3301 161),
1330 3214 1396 3279 id
1451 3215 1623 3299 quod
1681 3215 1922 3300 optime
1974 3214 2065 3279 eis
2114 3213 2421 3297 exemplis
2472 3212 2788 3277 illusbrari

441 3325 676 3407 potest,
721 3320 954 3406 quibus
1001 3320 1210 3386 utilsur
1245 3321 1632 3387 Plulzarohus
1671 3323 1749 3387 de
1785 3322 2093 3387 Aristone
2130 3324 2197 3385 et
2233 3320 2607 3385 Menedemo
2647 3317 2789 3408 (qui

443 3426 612 3495 idem
650 3429 729 3493 de
765 3428 1008 3494 virtute
1047 3432 1240 3513 atque
1268 3427 1705 3514 Megarenses:
1742 3430 1833 3507 ὡς
1875 3438 2030 3514 μιᾶς
2066 3428 2270 3510 οὔσης
2304 3426 2413 3493 καὶ
2451 3426 2791 3515 χρωμένης

442 3542 714 3613 πολλοῖς
776 3533 1104 3623 ὀνόμασι).
1194 3535 1320 3601 Hie
1375 3536 1546 3601 enim
1600 3536 1759 3602 dicit
1790 3538 1887 3602 ·τὸ
1935 3538 2059 3623 γὰρ
2109 3536 2297 3601 αὐτὸ
2347 3536 2789 3622 σωφροσύνην

442 3640 552 3707 καὶ
611 3642 930 3730 ἀνδρείαν
988 3642 1098 3709 καὶ
1159 3645 1592 3727 δικαιοσύνην
1653 3643 2027 3727 λέγεσθαι
2080 3642 2437 3729 καθάπερ
2499 3644 2807 3729 βροτὸν.

442 3748 570 3814 καὶ
611 3752 1076 3837 ἄνθρωπον,
1102 3749 1327 3815 Aristo
1366 3754 1582 3815 autem
1620 3750 1715 3815 ita
1748 3749 2023 3815 virlsutes
2059 3760 2151 3840 τῷ
2187 3753 2353 3837 πρός
2390 3754 2459 3815 τί
2480 3772 2619 3826 πως
2647 3750 2789 3813 δια-

443 3860 699 3943 φόρους
733 3856 844 3922 καὶ
881 3861 1214 3940 πλείονας,
1251 3857 1340 3934 ὡς
1379 3863 1446 3922 εἴ
1473 3883 1574 3935 τις
1611 3855 1835 3924 ἐθέλοι
1873 3857 2013 3941 τὴν
2060 3858 2339 3943 ὅρασιν
2383 3856 2571 3940 ἡμῶν
2617 3862 2789 3921 λευ-

439 3975 595 4029 κῶν
630 3960 775 4049 μὲν
820 3962 1614 4049 ἀντιλαμβανομένην
1662 3962 2101 4030 λευκοθέαν
2145 3969 2447 4047 καλεῖν,
2485 3962 2790 4048 μελάνων

440 4067 513 4136 δὲ
570 4069 950 4156 μελανθέαν
1011 4076 1083 4136 el:
1146 4070 1238 4136 sie
1298 4070 1367 4136 in
1419 4070 1641 4136 libello
1696 4092 1761 4135 π.
1817 4072 2016 4155 τύχης
2069 4076 2468 4155 καλοῦμεν
2530 4068 2789 4154 legibur.

444 4177 606 4242 Cum
653 4177 855 4262 igitur
900 4177 1339 4263 intelligamus
1389 4177 1465 4241 de
1511 4176 1854 4262 principali
1900 4181 2281 4263 argumento
2330 4176 2614 4241 dubitari
2659 4198 2791 4242 non

443 4305 648 4369 posse,
696 4285 774 4349 de
821 4284 1096 4369 singulis
1143 4284 1494 4350 videamus,
1585 4284 1802 4368 Atque
1848 4283 2221 4348 Duemmler
2278 4283 2536 4368 quidem
2595 4284 2791 4369 expli-

444 4393 702 4455 caburus
740 4390 922 4455 illam
950 4391 1396 4477 differenlsiam7
1436 4414 1597 4475 quae
1627 4390 1797 4455 inker
1825 4390 2231 4455 definibiones
2260 4389 2467 4455 libelli
2494 4412 2559 4455 π.
2590 4392 2791 4475 τύχης

443 4500 621 4560 extat
684 4502 878 4583 atque
945 4498 1217 4565 bradibas
1281 4497 1608 4563 Aristonis
1677 4498 2081 4565 definissiones
2150 4497 2241 4586 (p.
2288 4500 2419 4565 213
2466 4494 2662 4585 adn),
2722 4496 2790 4562 id
