3309 5167
1525 380 1953 443 ..34-

571 561 632 622 11.
673 539 802 603 602
829 537 910 623 F3
957 560 1006 603 c.
1050 539 1127 603 11
1178 560 1238 621 p.
1269 538 1398 603 603
1427 535 1529 626 F),
1575 542 1768 623 atque
1814 538 2011 603 etiam
2060 538 2281 603 eadem
2325 539 2523 603 verba
2559 536 2626 626 (ὁ
2664 536 2916 625 φρένας

573 646 742 730 ἔχων
786 642 896 710 καὶ
934 644 1030 728 μὴ
1067 644 1511 710 παντάπασι
1548 644 2099 730 τετυφωμένος
2134 668 2186 711 0.
2218 647 2256 711 8
2303 670 2364 731 p.
2405 644 2601 711 6020
2636 684 2709 693 -
2744 646 2911 732 ἀνὴρ

573 748 656 816 δὲ
727 752 823 836 μὴ
898 750 1448 837 τετυφωμένος
1518 748 1964 818 παντάπάσι
2040 747 2192 838 μηδ’
2262 754 2650 838 ὀχλομανῶν
2723 776 2775 817 0.
2835 755 2911 818 11

571 881 633 942 p.
671 860 801 925 603
821 855 930 946 E).
1004 860 1144 937 Qua
1189 882 1222 923 e
1269 882 1336 923 re
1385 859 1580 924 simul
1625 864 1919 945 apparet,
1964 860 2122 924 haec
2168 860 2299 925 fere
2352 860 2569 925 omnia
2613 861 2836 926 eodem
2881 882 2914 923 e

570 964 749 1029 fonte
797 965 1004 1049 petita
1049 988 1213 1031 esse:
1259 967 1431 1031 hunc
1475 989 1627 1032 vero
1677 968 1949 1031 eundem
1994 990 2132 1032 esse
2180 972 2373 1051 atque
2416 954 2608 1053 quem
2646 966 2911 1052 reliquis

570 1071 672 1136 his
730 1072 1051 1157 capitibus
1099 1074 1363 1139 subesse
1409 1073 1717 1159 vidimuS,
1775 1096 1921 1139 cum
1966 1074 2332 1140 universam
2378 1075 2697 1140 rationem
2744 1096 2916 1159 spec-

571 1183 783 1244 tantes
833 1177 943 1267 (cf.
982 1202 1178 1264 supra
1213 1203 1275 1264 p.
1305 1178 1441 1269 57),
1487 1185 1630 1246 tum
1678 1180 1933 1267 singula
1968 1181 2436 1265 perlustrantes
2474 1182 2914 1249 demonstrare

570 1309 934 1371 possumus.

753 1396 810 1459 1.
865 1393 1112 1457 Eadem
1150 1392 1322 1459 enim
1359 1394 1681 1459 sententia
1719 1417 1913 1478 quam
1949 1394 2057 1459 hio
2092 1395 2467 1481 Philippum
2504 1396 2914 1481 eloquentem

571 1500 728 1565 facit
761 1500 1168 1583 PlutarchuS‚
1214 1500 1604 1585 parvitatem
1651 1501 1940 1585 corporis
1976 1502 2166 1567 nobis
2206 1502 2616 1588 cogitandam
2654 1525 2809 1589 esse,
2856 1503 2914 1569 si

570 1607 760 1692 plura
801 1606 1178 1672 necessariis
1226 1606 1539 1693 cupimus,
1585 1612 1660 1671 ut
1704 1607 1812 1673 hic
1858 1609 1937 1672 ad
1982 1596 2496 1695 magnitudinem
2540 1615 2775 1695 terrae,
2823 1609 2919 1673 ita

572 1715 741 1800 apud
772 1713 1148 1779 recentioris
1188 1714 1418 1779 aetatis
1456 1714 1881 1799 philosophos
1913 1720 2107 1801 atque
2135 1716 2484 1782 Horatium
2514 1718 2595 1783 ad
2632 1718 2915 1783 diversas

569 1845 672 1887 res
685 1798 915 1887 'relata
952 1821 1247 1887 occurrit.
1322 1821 1419 1887 De
1459 1820 1899 1906 cupiditate
1935 1822 2006 1886 in
2044 1823 2415 1889 universum
2446 1824 2685 1889 dictam
2712 1825 2910 1889 habes

571 1952 714 1993 eam
759 1929 828 1995 in
867 1928 1143 1995 Senecae
1191 1928 1629 1993 consolatione
1670 1926 1878 2017 (0.10,
1911 1926 2001 2017 6),
2048 1930 2161 1994 ubi
2208 1953 2370 2015 quae
2407 1932 2918 2016 praemittuntur

569 2037 768 2101 verba
805 2038 948 2103 libet
979 2038 1174 2103 dicere
1217 2035 1553 2121 proprium
1592 2034 1842 2100 fontem
1876 2034 2159 2101 indicare
2196 2036 2524 2103 videntur:
2570 2060 2695 2105 non
2731 2040 2917 2104 vultis

571 2146 832 2227 coyitare
892 2165 1110 2227 quam
1159 2166 1409 2227 parva
1471 2144 1674 2209 vobis
1736 2165 2047 2227 corpora
2107 2145 2305 2211 sint?
2372 2166 2574 2211 nonne
2622 2147 2807 2229 furor
2859 2152 2919 2212 et

573 2251 827 2316 ultimus
883 2252 1178 2316 mentium
1233 2272 1430 2335 error,
1494 2271 1634 2315 cum
1697 2255 1845 2315 tam
1906 2254 2245 2336 eoeiyuum
2308 2254 2593 2338 capias,
2656 2275 2919 2337 cupere

572 2358 930 2423 multum?
1011 2360 1176 2424 Licet
1210 2360 1416 2441 itaque
1460 2359 1739 2441 auqeatis
1782 2379 2017 2445 census,
2052 2361 2465 2443 promoveatis
2506 2362 2691 2443 fines:
2740 2382 2917 2427 num-

572 2485 762 2546 quam
804 2470 1012 2529 tamen
1047 2486 1304 2548 corpora
1347 2470 1548 2530 vestra
1596 2466 1901 2551 latrabitis,
1948 2488 2112 2551 quae
2161 2467 2237 2530 de
2284 2466 2522 2532 exilio
2570 2466 2920 2551 separatim

572 2571 643 2637 111
678 2573 805 2636 fine
843 2570 1130 2637 eiusdem
1167 2570 1398 2656 capitis
1445 2576 1850 2656 repetuntur:
1897 2574 2143 2638 nullum
2178 2594 2316 2657 erqo
2340 2580 2685 2657 paupertas
2720 2575 2919 2640 exulis

573 2680 1022 2744 incommodum
1057 2678 1264 2755 habe&
1309 2679 1557 2744 nullum
1591 2680 1757 2763 enim
1794 2685 1922 2744 tam
1958 2681 2138 2762 inops
2175 2682 2431 2745 exilium
2458 2686 2561 2761 est,
2598 2684 2762 2763 quod
2788 2702 2917 2746 non

573 2786 791 2850 alendo
845 2784 1085 2850 homini
1145 2786 1384 2851 abunde
1432 2786 1636 2868 fertile
1690 2787 1787 2851 sit.
1864 2786 2125 2851 Eodem
2190 2809 2223 2850 e
2290 2786 2468 2852 fonte
2534 2810 2630 2871 ep.
2678 2790 2791 2872 89,
2835 2790 2914 2853 19

573 2891 834 2956 fluxisse
889 2891 1305 2956 manifestum
1361 2896 1461 2956 est
1471 2944 1488 2978 ‚
1544 2914 1690 2957 cum
1735 2892 1860 2958 hoc
1912 2916 2166 2978 quoque
2223 2893 2364 2958 1000
2410 2894 2674 2979 propria
2717 2895 2915 2959 verba

572 2998 1090 3084 praemittantur,
1134 2998 1368 3083 quibus
1408 2998 1795 3064 inducantur
1833 3022 1908 3065 ea
1944 3023 2105 3085 quae
2144 3005 2517 3087 sequuntur,
2558 3024 2704 3067 cum
2740 3001 2908 3083 item,

572 3104 638 3168 id
694 3106 865 3189 quod
931 3106 1012 3169 ad
1069 3110 1296 3170 nostra
1347 3105 1657 3191 pertinet,
1723 3112 2105 3191 argumento
2162 3107 2249 3173 sit
2304 3108 2590 3193 corporis
2646 3107 2904 3173 humani

573 3212 857 3297 parvitas
907 3214 1072 3296 (eum
1116 3214 1316 3277 multa
1359 3214 1843 3295 aedificaveritis
1889 3236 2029 3280 cum
2073 3217 2363 3299 ingentia,
2409 3222 2610 3281 tamen
2656 3222 2716 3281 et
2752 3216 2817 3281 si
2823 3236 2907 3279 η-

566 3321 748 3401 yula
791 3341 1103 3404 corpora
1137 3322 1280 3386 est-is
1317 3326 1374 3385 et
1402 3318 1792 3408 parvula),
1840 3321 2131 3405 quamvis
2171 3321 2280 3407 ita,
2326 3327 2401 3387 ut
2447 3322 2755 3387 luxuria
2798 3321 2912 3385 im-

572 3431 913 3511 pugnetur.
985 3426 1189 3491 Totus
1236 3432 1453 3492 autem
1490 3428 1671 3492 locus
1720 3451 1759 3491 a
1797 3426 2039 3493 Seneca
2075 3428 2233 3493 satis
2280 3429 2481 3495 libere
2527 3433 2913 3494 retractatus

574 3536 690 3615 est,
734 3536 808 3595 ut
854 3536 918 3596 et
953 3532 1278 3598 Romanas
1326 3556 1428 3597 res
1467 3534 1771 3618 respiciat
1806 3572 1879 3581 -—
1913 3557 2077 3620 quae
2114 3534 2181 3599 in
2220 3535 2423 3601 altero
2462 3536 2605 3601 1000
2650 3536 2913 3601 0111111110

575 3637 807 3703 desunt
843 3677 930 3685 ——
969 3644 1035 3703 et
1079 3639 1491 3705 vehementer
1535 3640 1604 3705 in
1649 3641 1974 3706 luxuriam
2020 3642 2389 3729 invehatur,
2437 3643 2673 3728 quippe
2720 3666 2913 3729 quam

573 3745 886 3829 increpet,
932 3746 1321 3831 ubicumque
1366 3745 1508 3809 fieri
1554 3751 1789 3830 potest.
1830 3784 1917 3793 -
1955 3744 2257 3811 Ceterum
2304 3771 2382 3813 ex
2424 3772 2499 3813 ea
2544 3772 2707 3834 quae
2744 3750 2916 3815 inter

573 3852 733 3915 duos
788 3852 908 3916 hos
964 3852 1140 3917 locos
1206 3852 1548 3916 intercedit
1619 3853 1871 3917 ratione
1936 3860 2227 3941 apparet,
2294 3858 2618 3941 quomodo
2676 3856 2917 3922 Seneca

573 3981 690 4021 sua
725 3958 952 4022 alienis
988 3982 1143 4023 usus
1182 3958 1636 4042 composuerit.
1710 3958 1863 4024 Alia
1899 3960 2095 4026 etiam
2131 3961 2507 4028 Aristonem
2548 3964 2914 4049 significare

571 4064 871 4128 videntur
915 4065 1030 4129 ubi
1075 4064 1273 4130 simili
1310 4071 1693 4150 argumento
1730 4069 1936 4135 virum
1974 4070 2197 4135 bonum
2232 4093 2357 4136 non
2394 4072 2600 4137 debere
2635 4073 2915 4137 ebrium

567 4172 751 4251 fieri
804 4170 1146 4255 exponitur
1193 4169 1321 4259 (ep.
1361 4174 1464 4258 83,
1501 4171 1636 4261 18):
1696 4197 1776 4238 an
1820 4197 1953 4239 11011
1998 4174 2174 4241 illius
2221 4181 2347 4261 est,
2402 4182 2622 4243 vetare
2676 4178 2915 4262 syllo-

573 4275 841 4361 gismis
876 4277 1001 4363 agi,
1036 4276 1258 4343 iubere
1287 4280 1630 4365 exempla
1659 4280 1938 4346 adferri?
2001 4281 2294 4368 Denique
2325 4283 2400 4347 de
2428 4284 2911 4349 helluatione

573 4383 810 4448 similia
838 4384 1139 4449 dicuntur
1176 4408 1272 4469 ep.
1304 4388 1443 4471 114,
1465 4390 1577 4452 27:
1615 4390 1967 4454 metiatur
2000 4390 2189 4455 simul
2224 4411 2509 4473 corpus,
2546 4388 2703 4457 sciat
2724 4414 2912 4475 quam

569 4512 678 4556 nec
729 4493 1040 4557 multum
1093 4514 1350 4577 capere
1402 4515 1510 4558 nec
1553 4497 1664 4559 diu
1702 4498 1923 4581 possit,
1979 4495 2149 4560 inter
2203 4519 2393 4580 quem
2446 4498 2661 4563 locum
2716 4504 2911 4583 atque
