3309 5167
1477 366 1950 431 „100-

542 517 754 589 fontes
812 523 1018 588 redire
1077 524 1298 608 posuit
1353 522 1440 611 (p.
1481 526 1568 591 94
1613 487 1894 613 adn.'1):
1960 549 2351 611 quamquam
2411 528 2584 592 enim
2640 528 2885 612 aliquid

541 630 814 695 interest
881 630 1051 696 inter
1115 636 1399 697 veterem
1471 637 1665 717 atque
1730 634 2155 700 recentiorem
2220 633 2624 722 Cynismum,
2697 636 2885 720 plane

541 738 712 802 inter
758 760 826 803 se
875 739 1320 823 oppugnantia
1363 739 1622 825 utrique
1669 763 1802 806 non
1846 742 2217 807 docuerunt.

1507 1094 1757 1182 Caput
1802 1098 1916 1163 IV.

1174 1252 1272 1305 De
1319 1248 1600 1319 reliquis
1646 1251 2243 1308 consolationibus.

713 1379 763 1444 I.
800 1380 962 1446 Mus
978 1381 1138 1446 onii
1179 1403 1342 1467 quae
1371 1387 1626 1447 servata
1654 1388 1807 1447 sunt
1833 1422 1907 1431 —
1934 1389 2009 1449 ut
2038 1384 2320 1451 breviter
2349 1384 2883 1469 comprehendam

538 1510 702 1571 quae
741 1488 818 1552 de
855 1488 958 1553 his
995 1489 1413 1574 cognovimus
1443 1528 1528 1537 -
1556 1490 1626 1555 in
1663 1490 2035 1556 universum
2074 1493 2153 1556 ad
2186 1492 2561 1558 recentioris
2593 1490 2885 1577 Cynismi

534 1593 782 1659 fontem
827 1595 1123 1681 redeunt,
1181 1620 1375 1681 quem
1419 1620 1534 1681 per
1579 1598 1890 1664 maiorem
1934 1604 2187 1683 partem
2232 1599 2505 1665 Bionem
2554 1623 2695 1665 esse
2740 1624 2885 1685 pro-

533 1701 856 1787 bavimus,
913 1703 1023 1767 sed
1077 1702 1172 1768 ita
1224 1709 1597 1790 retractata,
1652 1710 1729 1769 ut
1774 1710 1841 1770 et
1896 1707 2153 1792 singula
2200 1705 2417 1771 Stoico
2471 1707 2574 1773 vel
2618 1708 2883 1793 proprio

532 1808 820 1874 Musonii
866 1810 1078 1876 colore
1126 1810 1332 1876 tincta
1377 1812 1509 1877 sint
1555 1816 1620 1876 et
1665 1835 1814 1878 vere
1859 1808 2083 1879 Stoica‘
2122 1814 2437 1899 quaedam
2480 1814 2882 1900 interposita.

709 1916 792 1981 Π.
851 1916 1049 1983 Cuius
1099 1919 1543 1984 commentarii
1589 1924 1665 1983 ut
1713 1920 2004 2005 singulae
2042 1921 2397 1987 sententiae
2436 1945 2553 1988 suo
2592 1944 2883 2007 quaeque

532 2023 674 2089 loco
714 2024 912 2089 inseri
951 2028 1328 2111 potuerunt,
1376 2025 1470 2090 ita
1518 2024 1847 2091 Senecae
1894 2028 2353 2094 consolationis
2391 2030 2579 2113 pauci
2625 2034 2881 2094 tantum

505 2129 658 2213 ‘loci
714 2132 929 2196 afferri
973 2136 1351 2219 potuerunt,
1407 2138 1482 2197 ut
1535 2133 1727 2197 liceat
1776 2155 2184 2220 cognoscere,
2250 2134 2601 2219 plurimum
2657 2137 2881 2201 abesse

530 2238 716 2302 illum
763 2262 802 2301 a
847 2240 1172 2305 communi
1216 2238 1331 2304 illa
1385 2241 1670 2304 materia.
1764 2241 1981 2326 Atque
2028 2264 2173 2306 cum
2220 2242 2481 2307 omnino
2530 2244 2609 2307 ad
2654 2248 2883 2308 nostra

528 2367 662 2411 non
696 2345 1024 2429 pertinent
1061 2346 1295 2431 quibus
1324 2347 1683 2431 posteriore
1722 2349 1925 2413 totius
1954 2348 2160 2413 libelli
2201 2354 2385 2433 parte
2422 2353 2697 2414 matrem
2736 2371 2882 2413 con-

531 2436 790 2517 solatur>
827 2452 1004 2540 (inde
1042 2477 1094 2518 a.
1137 2476 1187 2518 c.
1230 2451 1340 2540 14)
1357 2452 1423 2538 ¹),
1472 2458 1584 2518 aut
1631 2476 1794 2538 quae
1842 2478 1875 2519 e
1911 2478 2089 2521 more
2130 2477 2257 2529 suo
2297 2460 2523 2521 contra
2556 2454 2882 2520 luxuriam

531 2558 853 2642 copiosius
883 2563 1076 2644 atque
1105 2560 1547 2626 vehementius
1586 2560 1877 2644 disputat
1913 2585 2027 2646 per
2056 2562 2183 2626 tria
2212 2562 2425 2646 capita
2456 2563 2531 2649 (c.
2570 2560 2879 2649 10—12)‚

529 2669 670 2729 tum
730 2688 806 2730 ea
861 2689 1025 2751 quae
1073 2690 1150 2731 ex
1197 2666 1416 2751 aliquo
1463 2666 1642 2731 fonte
1700 2667 1977 2752 sumpsit
2032 2668 2125 2732 ita
2172 2691 2287 2733 suo
2335 2668 2597 2754 ingenio
2643 2669 2881 2735 debitis

528 2772 737 2859 diluit,
783 2778 859 2837 ut
893 2774 1084 2857 plane
1121 2774 1288 2837 nihil
1325 2773 1402 2837 de
1441 2774 1691 2867 origine
1730 2776 2195 2840 sententiarum
2234 2775 2371 2841 eius
2412 2776 2613 2841 statui
2649 2778 2876 2861 possit.
2969 2782 2975 2787 ’

526 2878 701 2955 Quae
757 2902 902 2944 cum
965 2879 1059 2943 ita
1126 2880 1286 2965 sint,
1350 2902 1552 2964 paene
1617 2880 1821 2945 risum
1884 2881 2073 2947 nobis
2139 2887 2426 2969 moveat,
2491 2883 2664 2967 quod
2720 2883 2877 2949 dicit

528 3008 576 3049 c.
633 2989 687 3071 1,
725 2988 765 3051 2
815 3009 882 3051 se
929 2988 1142 3052 omnia
1195 2988 1685 3053 clarissimorum
1730 2990 2117 3071 inqenioru‘m
2171 2992 2549 3056 monimenta
2593 2993 2680 3055 ad
2721 3013 2873 3056 com-

514 3095 845 3175 pescendos
889 3095 1406 3177 moderandosque
1451 3095 1650 3160 luctus
1685 3097 2019 3178 composita
2056 3096 2397 3183 evolvisse3
2444 3097 2547 3162 vel
2584 3096 2651 3162 id
2688 3120 2868 3182 quae-

524 3223 657 3285 ras,
723 3200 892 3264 unde
944 3201 1203 3264 tandem
1259 3200 1329 3265 in
1384 3201 1597 3266 insula
1652 3201 1769 3265 illa
1819 3225 2021 3286 parva
2076 3208 2141 3267 et
2197 3203 2443 3269 inculta
2497 3206 2707 3270 omnia
2756 3203 2866 3267 illa

523 3309 898 3371 monimenta
953 3306 1078 3371 sibi
1132 3308 1472 3391 paraverit.
1567 3308 1901 3385 Quomodo
1956 3333 2179 3375 revera
2230 3311 2663 3394 composuerit
2707 3311 2870 3375 hanc

525 3413 1030 3479 consolationem
1077 3437 1157 3479 ex
1203 3415 1294 3480 eis
1342 3416 1661 3500 capitibus
1701 3416 1944 3500 optime
1982 3437 2350 3501 cognoscas,
2396 3417 2508 3483 ubi
2546 3417 2683 3502 ipse
2729 3441 2872 3483 auc-

521 3525 698 3585 tores
726 3520 972 3586 laudat:
998 3522 1386 3608 principales
1415 3522 1586 3587 enim
1613 3523 1968 3589 sententias
1999 3548 2159 3609 quas
2189 3548 2223 3589 e
2243 3524 2555 3590 Varronis
2589 3530 2655 3590 et
2682 3525 2873 3590 Bruti

521 3627 706 3693 libris
763 3628 1110 3713 depromit,
1153 3629 1612 3713 ‘compluribus
1668 3631 1883 3696 verbis
1938 3631 2112 3695 haud
2166 3631 2261 3695 ita
2314 3632 2618 3717 gravibus
2676 3637 2871 3718 atque

520 3734 871 3821 ingeniosis
918 3734 1198 3819 explicat
1232 3734 1439 3823 (capp.
1481 3738 1536 3803 8.
1577 3734 1677 3824 9);
1723 3760 1799 3801 ea
1844 3760 2007 3822 quae
2054 3760 2088 3801 e
2126 3738 2437 3803 Varronis
2475 3740 2692 3805 nescio
2740 3763 2869 3824 quo

519 3842 742 3908 libello
791 3842 1069 3926 sumpsit
1103 3879 1178 3889 —
1211 3842 1662 3927 logistoricum
1708 3867 1856 3908 eum
1901 3844 2100 3909 fuisse
2143 3849 2257 3909 tuo
2294 3844 2433 3909 iure
2471 3846 2747 3912 conicias
2787 3886 2865 3894 —

517 3954 849 4031 praeterea
893 3969 1042 4013 eum
1083 3947 1422 4033 paululum
1467 3950 1548 4014 ad
1589 3947 1955 4016 Stoicorum
1997 3973 2293 4016 normam
2339 3956 2623 4019 mutasse
2671 3976 2869 4038 supra

517 4054 982 4121 adnotavimus.

660 4232 714 4300 1)
751 4230 831 4287 Cf.
861 4230 1041 4300 Epict.
1075 4230 1206 4286 diss.
1237 4232 1332 4301 III,
1363 4236 1447 4301 24,
1478 4238 1571 4287 22:
1611 4230 1732 4287 ἀλλ’
1764 4232 1800 4301 ἡ
1839 4234 2053 4305 μήτηρ
2091 4255 2198 4304 μου
2238 4233 2418 4290 στένει
2454 4235 2527 4305 μὴ
2567 4235 2750 4308 ὁρῶσά
2778 4255 2862 4309 με.

516 4350 586 4359 -
615 4318 727 4373 Διὰ
764 4322 824 4373 τί
852 4320 959 4390 γὰρ
997 4321 1098 4374 οὐκ
1128 4318 1308 4389 ἔμαθε
1337 4321 1567 4385 τούτους
1601 4322 1732 4385 τοὺς
1758 4322 1977 4391 λόγονς;
2016 4324 2114 4377 καὶ
2153 4326 2217 4378 οὐ
2255 4328 2419 4379 τοῦτό
2457 4345 2602 4395 φημι
2639 4324 2723 4381 ὅτι
2761 4328 2862 4382 οὐκ

515 4401 963 4477 ἐπιμελητέον
1017 4417 1132 4463 τοῦ
1189 4409 1271 4478 μὴ
1330 4408 1647 4481 οἰμώζειν
1704 4411 1946 4480 αὐτήν,
1994 4410 2117 4466 ἀλλ’
2169 4410 2253 4466 ὅτι
2302 4415 2368 4468 οὐ
2417 4416 2515 4468 δεῖ·
2549 4413 2743 4469 θέλειν
2790 4416 2861 4469 τὰ

513 4493 774 4565 ἀλλότρια
812 4492 872 4562 ἐξ
909 4496 1174 4559 ἅπαντος.
1249 4497 1452 4553 Nescio
1491 4517 1564 4553 an
1600 4500 1868 4570 respiciat
1904 4501 2172 4555 Senecam
2208 4501 2269 4554 in
2304 4502 2393 4555 his
2431 4500 2741 4570 Epictetus.
