3309 5167
1986 421 2106 441 ,0,
2195 411 2518 439 -.ἶ··,ι·
2595 418 2608 432 2

1918 440 1933 451 ι
2194 453 2208 459 -
2340 447 2355 457 ·
2400 430 2802 465 οοοοοοοοοο

608 1124 728 1189 Η18
782 1122 1091 1208 proximis
1148 1120 1332 1187 annis
1390 1144 1534 1186 cum
1585 1122 1654 1185 in
1699 1122 1841 1205 ipsa
1883 1120 2097 1205 patria
2140 1124 2366 1184 nostra
2410 1119 2477 1183 in
2524 1119 2761 1205 disqui-

432 1231 732 1313 sitionem
784 1230 1058 1313 veniret,
1116 1229 1418 1293 liceretne
1475 1228 1737 1292 omnino
1784 1250 2111 1292 removere
2158 1251 2191 1291 6
2237 1226 2450 1311 patria
2495 1250 2601 1293 eos
2651 1228 2762 1313 qui

430 1337 496 1402 id
542 1342 804 1423 agerent
850 1337 1070 1402 infesti
1115 1336 1504 1421 reipublicae
1550 1335 1775 1420 animi,
1830 1340 1905 1399 ut
1951 1358 2091 1399 eam
2138 1339 2521 1420 everterent,
2575 1334 2764 1420 pleri-

431 1468 552 1530 que
606 1445 673 1509 id
737 1445 878 1509 fieri
939 1466 1130 1529 posse
1194 1448 1616 1529 negaverunt3
1691 1442 1887 1507 etiam
1960 1442 2072 1527 qui
2144 1442 2543 1507 affirmarent
2604 1467 2763 1509 nun-

429 1576 620 1638 quam
666 1552 860 1617 simul
904 1575 1037 1616 non
1082 1551 1485 1635 addiderunt,
1533 1571 1729 1635 grave
1776 1572 1914 1614 esse
1960 1550 2123 1613 illud
2168 1550 2522 1615 remedium
2568 1555 2761 1635 atque

424 1660 729 1744 gravibus
797 1664 1054 1723 tantum
1117 1658 1518 1742 temporibus
1576 1656 2027 1722 adhibendum.
2138 1657 2405 1734 Qualem
2473 1658 2765 1722 humani-

423 1771 627 1831 tatem
681 1771 756 1830 ut
810 1770 1058 1831 veteres
1114 1764 1393 1850 amplexi
1449 1764 1582 1828 sint
1636 1768 1893 1829 tantum
1950 1764 2160 1848 abest,
2218 1769 2292 1828 ut
2334 1764 2763 1829 Athenienses

423 1873 706 1957 patriam
751 1872 1111 1956 relinquere
1157 1872 1261 1937 vel
1306 1872 1583 1935 alterum
1629 1872 1903 1935 duorum
1948 1870 2235 1935 virorum
2281 1871 2606 1957 iusserint,
2654 1870 2761 1956 qui

425 1981 678 2045 diversa
731 1980 809 2043 de
864 1978 1194 2063 republica
1240 1977 1579 2062 sentirent,
1637 1978 1931 2062 quamvis
1990 1977 2082 2042 eis
2128 2001 2508 2063 persuasum
2552 1978 2764 2063 fuerit,

426 2088 611 2151 illum
656 2110 770 2172 per
807 2110 874 2151 86
913 2087 1124 2150 virum
1160 2085 1406 2149 iustum
1443 2088 1635 2169 atque
1673 2085 1951 2169 probum
1988 2108 2143 2151 esse.
2235 2084 2440 2171 Atqui
2477 2084 2763 2170 antiquis

425 2194 826 2278 temporibus
883 2196 1126 2277 quanto
1181 2192 1428 2256 maiora
1480 2189 1889 2255 incommoda
1942 2192 2168 2256 afferre
2226 2194 2478 2257 solebat
2532 2194 2681 2258 talis
2730 2217 2763 2257 e

426 2301 638 2385 patria
701 2299 1018 2364 discessus
1075 2298 1305 2383 quovis
1360 2297 1620 2362 nomine
1678 2296 2104 2383 significatus,
2168 2298 2303 2364 sive
2358 2310 2577 2384 φυγῆς
2632 2298 2765 2365 sive

427 2408 898 2494 ὀστρακισμοῦ,
959 2406 1093 2471 sive
1149 2408 1322 2472 exilii
1375 2404 1507 2469 sive
1561 2406 1971 2489 releyationiS,
2028 2427 2223 2489 quam
2274 2410 2501 2469 nostra
2554 2411 2765 2470 aetate

427 2512 776 2602 afferretv)
866 2514 1048 2578 Idem
1095 2512 1266 2577 enim
1311 2511 1481 2596 quod
1530 2511 1700 2595 apud
1745 2533 1864 2575 nos
1910 2510 2243 2575 hominis
2289 2534 2526 2578 nomen
2573 2513 2765 2578 civis

424 2644 658 2686 nomen
707 2622 876 2706 apud
921 2626 1168 2687 veteres
1216 2619 1498 2703 valebat,
1547 2622 1741 2703 atque
1790 2640 1935 2682 cum
1979 2617 2316 2684 universus
2356 2620 2531 2685 orbis
2568 2625 2766 2684 terra—

426 2752 571 2792 rum
627 2752 821 2794 unam
871 2729 1153 2793 efficeret
1208 2724 1698 2810 rempublicam,
1754 2747 1923 2789 nova
1971 2725 2206 2790 veteris
2263 2749 2504 2811 poenae
2558 2728 2766 2791 forma

428 2834 940 2919 excogitabatur,
998 2840 1072 2897 ut
1125 2834 1255 2897 iam
1299 2854 1432 2896 non
1478 2854 1510 2894 6
1559 2824 1734 2895 certo
1780 2832 1924 2895 loco
1972 2832 2485 2917 excluderentur,
2540 2834 2652 2897 sed
2697 2833 2764 2897 in

428 2942 604 3002 certo
667 2939 808 3003 loco
873 2940 1351 3003 includerentur
1416 2938 1652 3003 exules,
1752 2938 1918 3015 Quid
1981 2937 2183 3022 igitur
2255 2939 2517 3024 mirum,
2592 2941 2764 3024 quod

427 3044 765 3110 Cicerones
828 3050 893 3109 et
953 3045 1214 3110 Ovidios
1281 3049 1620 3130 querentes
1687 3049 1880 3129 atque
1939 3045 2366 3110 lamentantes
2431 3045 2763 3111 videmus?

423 3152 626 3216 Paulo
710 3154 880 3216 enim
962 3152 1335 3216 infirmioris
1416 3151 1660 3235 ingenii
1740 3151 2034 3215 homines
2117 3152 2276 3236 quin
2356 3152 2548 3217 exilio
2622 3177 2765 3238 pro-

423 3260 821 3344 fligarentur,
865 3258 1007 3321 fieri
1042 3280 1175 3323 non
1210 3263 1492 3343 poterat:
1527 3258 1605 3327 ,id
1644 3257 1816 3341 quod
1856 3257 1933 3321 de
1979 3258 2080 3322 his
2131 3263 2497 3343 temporum
2541 3260 2760 3325 favore

424 3388 557 3430 non
619 3365 754 3430 sine
819 3366 1107 3450 ipsorum
1173 3364 1579 3431 incommodo
1641 3369 1815 3429 certo
1874 3364 2137 3450 861111118,
2204 3367 2281 3430 (16
2338 3366 2481 3431 aliis
2538 3369 2761 3433 multis

432 3472 717 3537 conicere
763 3472 930 3537 licet.
1312 3556 1319 3561 .

602 3580 775 3657 Quae
823 3603 967 3644 cum
1012 3580 1106 3644 ita
1151 3585 1390 3665 essent,
1436 3602 1650 3645 nonne
1699 3580 1833 3645 eius
1880 3579 2331 3664 philosophiae
2381 3585 2544 3665 erat,
2598 3605 2760 3666 quae

428 3690 681 3769 praeter
736 3693 977 3753 ceteras
1034 3693 1226 3773 atque
1281 3688 1493 3753 solum
1542 3688 1609 3751 id
1655 3694 1877 3771 ageret
1921 3692 1994 3751 ut
2040 3687 2333 3751 homines
2380 3710 2419 3750 a
2464 3687 2761 3753 fortunae

428 3793 904 3860 calamitatibus
960 3801 1138 3860 tutos
1193 3795 1512 3877 redderet,
1569 3793 1766 3857 etiam
1821 3794 1902 3858 ab
1959 3791 2151 3858 exilio
2209 3800 2401 3878 atque
2448 3795 2625 3859 exilii
2671 3798 2762 3861 in-

427 3901 778 3965 commodis
808 3902 1187 3967 defendere?
1242 3901 1470 3985 Neque
1501 3900 1672 3964 enim
1703 3905 1775 3965 ut
1804 3898 2047 3985 aliquid
2076 3901 2404 3964 efficerent
2433 3899 2760 3985 Cynicos

425 4008 659 4092 duplex
709 4031 811 4072 res
858 4009 1223 4093 deficiebat,
1271 4032 1398 4093 qua
1443 4008 1502 4071 ei
1549 4031 1710 4092 opus
1758 4013 1919 4093 erat,
1969 4008 2083 4092 qui
2129 4009 2575 4073 consolaturus
2623 4016 2762 4075 erat

423 4115 690 4179 exulem.
783 4114 955 4179 Nam
1007 4115 1288 4198 primum
1344 4114 1434 4179 eis
1490 4137 1873 4199 persuasum
1928 4120 2091 4200 erat,
2146 4114 2427 4198 patriam
2476 4115 2757 4181 hominis

422 4244 555 4286 non
601 4245 802 4287 unum
847 4223 1202 4287 alterumve
1251 4222 1560 4305 oppidum
1607 4244 1766 4306 esse,
1814 4224 1924 4286 sed
1972 4222 2199 4306 quovis
2247 4222 2387 4286 loco
2434 4221 2503 4285 in
2548 4223 2762 4306 patria

569 4402 619 4468 1)
660 4398 724 4453 Ο.
752 4397 1011 4451 Mueller-i
1049 4398 1205 4451 extat
1241 4397 1415 4451 brevis
1449 4398 1773 4465 disputatio,
1807 4399 1871 4451 in
1906 4414 2016 4467 qua
2048 4398 2379 4451 Graecorum
2405 4404 2457 4453 et
2482 4398 2758 4454 Romano-

424 4504 546 4541 rum
581 4490 646 4542 de
681 4488 840 4543 emilii
877 4504 1060 4556 poena
1105 4486 1743 4555 sententiacxplicawr,
1787 4485 1847 4539 in
1891 4503 2074 4555 progr.
2113 4488 2349 4554 prorect.
2390 4486 2569 4543 Goett.
2604 4494 2757 4544 1838.

2302 4582 2327 4628 1
