3309 5167
1522 333 1949 396 ,116-

745 495 884 559 Iam
949 516 1109 578 quae
1174 496 1531 577 sequuntur
1590 492 1660 555 in
1716 491 2091 556 memoriam
2145 490 2335 555 nobis
2392 496 2693 557 revocant
2747 493 2905 559 duos

567 601 742 665 illius
808 623 869 665 π.
935 608 1151 685 φυγῆς
1213 599 1526 663 sermonis
1595 598 1796 683 locos,
1873 621 2034 683 quos
2102 597 2415 684 Stilponis
2479 622 2618 664 esse
2681 601 2910 683 proba-

569 708 808 793 vimus3
863 705 1245 791 praesertim
1305 705 1664 790 comparari
1719 706 1891 770 inter
1946 728 2013 770 se
2067 712 2341 789 possunt
2384 706 2492 771 hic
2535 707 2741 790 locus,
2795 705 2907 771 ubi

570 837 880 900 personae
925 814 1208 899 tragicae
1258 813 1503 877 dictum
1548 813 1811 878 laudare
1858 812 2150 878 homines
2199 814 2524 898 dicuntur,
2579 818 2796 878 tamen
2839 815 2909 877 in

567 924 702 988 vita
757 921 1079 986 cotidiana
1135 920 1322 985 aliter
1380 920 1665 985 iudicare
1715 917 1853 1006 (καὶ
1911 921 2157 1005 ταύτην
2204 918 2324 1005 μὲν
2372 921 2758 988 ἐπαινοῦσιν
2805 921 2908 987 ε’ν-

567 1029 964 1114 τελλομένην
999 1078 1012 1093 .
1036 1077 1072 1111 .,
1108 1028 1230 1112 τὴν
1269 1024 1341 1093 δὲ
1379 1034 2012 1094 κατακολουθοῦσαν
2051 1028 2237 1112 ὠμὴν
2272 1027 2477 1113 φησὶν
2513 1030 2553 1113 ἡ
2595 1027 2805 1117 δόξα),
2844 1034 2910 1093 et

567 1136 704 1220 ille,
756 1136 869 1201 ubi
917 1134 1201 1201 Socratis
1260 1135 1504 1201 dictum
1551 1134 1689 1224 (καὶ
1736 1138 2103 1221 Σωκράτην
2148 1133 2269 1221 μὲν
2316 1136 2703 1203 ἐπαινοῦσιν
2749 1139 2908 1203 ὅταν

571 1296 582 1307 .
615 1296 626 1307 .
668 1242 824 1330 λέγῃ
864 1294 879 1309 .
910 1264 950 1308 .·
991 1244 1165 1328 ὅμως
1201 1240 1276 1307 δὲ
1315 1266 1365 1308 e.
1405 1266 1461 1328 q.
1503 1239 1600 1330 s),
1648 1243 1744 1307 ita
1788 1248 1863 1307 ut
1911 1242 2225 1328 Stilponis
2273 1244 2550 1329 vestigia
2593 1245 2718 1309 1100
2764 1246 2907 1310 1000

567 1343 856 1435 premere
901 1350 1191 1415 Teletem
1237 1350 1533 1436 equidem
1581 1350 1868 1416 dixerim.

748 1457 990 1524 Contra
1043 1462 1214 1523 recte
1270 1458 1430 1523 mihi
1486 1458 1704 1524 Hense
1758 1481 1920 1543 quae
1971 1464 2331 1543 sequuntur
2377 1459 2551 1524 dicta
2593 1457 2908 1524 Laconica

564 1564 755 1629 Bioni
809 1587 942 1629 11011
988 1563 1266 1649 Stilponi
1321 1565 1628 1631 tribuisse
1686 1565 1966 1651 videtur,
2022 1566 2182 1631 satis
2229 1549 2676 1651 probabilibus
2723 1588 2907 1652 argu·-

570 1672 803 1737 mentis
850 1672 1241 1737 sententiam
1289 1674 1673 1737 confirmans
1714 1671 1811 1757 (p.
1843 1671 2078 1760 cvm:
2124 1697 2330 1759 neque
2379 1673 2549 1737 enim
2589 1674 2907 1759 quadrant

567 1780 726 1844 talia
773 1781 1224 1866 φορτικώτεροι
1268 1780 1338 1844 111
1373 1783 1792 1866 κομψότατον
1833 1778 2209 1865 Stilponem,
2256 1781 2498 1865 optime
2535 1782 2603 1845 in
2638 1779 2909 1845 Bionem

568 1887 891 1953 Theodori
927 1886 1352 1971 θρασυτάτου
1393 1888 1797 1972 discipulum.
1858 1886 2036 1951 Haec
2063 1887 2254 1952 modo
2284 1888 2743 1973 admonuerim,
2780 1910 2910 1953 non

573 1994 790 2059 omnia
850 2016 1052 2079 „quae
1118 1994 1194 2058 de
1259 1993 1781 2059 Lacedaemoniis
1844 1998 2192 2058 narrantur
2249 1993 2317 2058 in
2372 1995 2775 2060 sermonibus
2832 1996 2909 2059 de

569 2102 761 2167 exilio
817 2106 883 2166 et
938 2102 1014 2165 de
1070 2100 1370 2185 apathia“
1423 2102 1504 2165 ad
1545 2123 1747 2166 unum
1793 2102 2190 2186 eundemque
2236 2101 2508 2167 Bionem
2553 2103 2909 2167 revocanda

566 2230 706 2273 esse
759 2212 1102 2293 propterea
1158 2208 1310 2292 quia
1361 2231 1558 2273 unum
1616 2208 1974 2273 alterumve
2032 2208 2169 2273 eius
2228 2231 2367 2274 esse
2414 2209 2711 2275 vidimus.
2803 2209 2908 2273 An

566 2314 733 2381 nihil
788 2315 1010 2400 refert,
1066 2319 1288 2379 utrum
1343 2316 1499 2380 satis
1548 2315 1760 2379 ieiune
1808 2320 2141 2380 enarretur
2186 2316 2431 2401 aliquid
2476 2317 2554 2381 de
2599 2316 2909 2381 Lacedae-

567 2422 931 2487 moniorum
977 2422 1071 2487 rei
1113 2422 1412 2507 publicae
1457 2420 1777 2486 institutis
1795 2417 1861 2508 ¹),
1912 2422 2093 2486 velut
2136 2422 2206 2487 in
2250 2446 2543 2488 sermone
2581 2423 2657 2487 de
2697 2423 2908 2507 exilio,

565 2552 647 2593 an
691 2530 1104 2614 proferantur
1138 2528 1658 2594 narratiunculae
1695 2528 1946 2612 lepidae
1988 2530 2285 2594 omnibus
2324 2530 2559 2615 quibus
2596 2530 2737 2594 fieri
2770 2534 2911 2614 pot-

566 2641 666 2702 est
702 2636 953 2702 facetiis
992 2640 1354 2721 exornatae,
1400 2636 1579 2700 velut
1616 2636 1789 2721 quod
1827 2635 2067 2700 Dorica
2103 2641 2376 2701 utuntur
2411 2636 2736 2701 Lacaenae
2772 2636 2910 2701 illa-

565 2768 708 2809 rum
756 2744 1140 2808 fabellarum
1186 2742 1505 2807 dialecto?
1576 2741 1803 2827 Neque
1851 2765 2012 2828 quae
2061 2744 2137 2807 de
2183 2744 2519 2828 Lysandro
2563 2749 2911 2808 narrantur

565 2852 635 2915 in
695 2872 988 2915 sermone
1041 2847 1192 2936 περὶ
1249 2853 1479 2926 πενίας
1533 2848 1642 2915 καὶ
1698 2852 1991 2916 πλούτου
2046 2872 2106 2933 p.
2164 2852 2268 2935 37,
2304 2853 2348 2915 4
2401 2872 2533 2915 non
2588 2851 2908 2915 diversam

565 2960 878 3044 praebent
935 2957 1229 3042 speciem.
1318 2956 1620 3022 Ceterum
1667 2956 1737 3021 in
1782 2957 1978 3021 tertia
2022 2957 2135 3021 illa
2180 2958 2665 3022 narratiuncula
2708 2957 2905 3022 verba

565 3067 688 3151 ὅρα
742 3067 805 3130 εἰ
858 3063 967 3130 καὶ
1021 3076 1156 3129 τῶν
1209 3062 1365 3150 παρ’
1416 3064 1577 3149 ἡμῖν
1632 3088 1733 3141 τις
1786 3075 2125 3145 γυναικῶν
2179 3062 2358 3130 τοῦτ’
2410 3064 2495 3129 ἂν
2548 3065 2905 3145 ποιήσειεν,

565 3170 709 3237 ἀλλ’
780 3171 901 3237 οὐκ
965 3170 1212 3255 ἀσμένη
1277 3173 1506 3249 ὄψεται
1572 3169 2047 3255 σεσωσμένους.
2150 3170 2394 3237 ἐκεῖναι
2456 3167 2517 3234 δ’
2578 3168 2684 3233 οὐ·
2740 3168 2904 3233 ἀλλὰ

565 3279 1030 3355 ἀποθανόντας
1077 3279 1378 3363 εὐψύχως
1421 3278 1616 3360 ἥδιον
1664 3328 1679 3342 .
1723 3326 1738 3343 .
1784 3301 1833 3343 0.
1884 3300 1941 3362 q.
1991 3302 2038 3342 s.
2086 3278 2355 3342 Bionem
2412 3275 2572 3340 mihi
2625 3274 2905 3338 indicare
2989 3273 2995 3281 '

564 3385 888 3468 videntur,
955 3406 1100 3448 011111
1165 3384 1405 3449 similia
1472 3385 1735 3449 redeant
1787 3384 1857 3449 in
1913 3407 2205 3449 sermone
2261 3406 2326 3449 π.
2382 3384 2771 3468 αὐταρκείας
2827 3381 2907 3445 ad

565 3489 837 3554 Bionem
877 3490 1224 3555 referenda.
1290 3491 1422 3556 Ubi
1462 3514 1606 3556 cum
1643 3495 1814 3556 recte
1852 3489 2069 3555 Hense
2108 3488 2421 3578 (prolegg.
2459 3512 2519 3573 p.
2558 3486 2904 3575 XXXVII)

567 3602 936 3681 comparato
1001 3597 1143 3662 loco
1207 3597 1547 3682 Epicteteo
1614 3596 1794 3685 (diss.
1842 3597 1955 3681 IV,
1997 3600 2062 3682 1,
2106 3595 2262 3685 164)
2318 3596 2906 3681 demonstravisset,

565 3705 852 3769 Teletem
907 3701 997 3791 (p.
1048 3707 1146 3789 11,
1177 3706 1216 3769 5
1276 3702 1444 3791 sqq.)
1500 3704 1569 3769 in
1607 3688 1981 3770 'enarranda
2036 3702 2316 3769 Socratis
2371 3709 2581 3769 morte
2634 3704 2906 3768 Bionem

567 3816 858 3876 secutum
906 3832 1061 3895 esse,
1106 3834 1238 3876 non
1283 3810 1506 3876 debuit
1553 3834 1701 3876 cum
1748 3810 1993 3877 Cobeto
2042 3816 2107 3875 et
2144 3811 2648 3877 Wilamowitzio
2696 3811 2905 3875 delere

711 4026 764 4093 1)
801 4023 884 4077 De
925 4023 1031 4076 hoc
1058 4022 1627 4077 Lacedaemoniorum
1654 4038 1808 4076 more
1842 4022 1910 4076 cf.
1942 4020 2161 4077 Gilbert
2196 4024 2293 4079 Gr.
2322 4024 2670 4078 staatsaltert.
2700 4020 2726 4073 I
2752 4038 2806 4089 p.
2837 4022 2903 4071 42

567 4115 722 4183 adn,
741 4113 1026 4166 Hermann
1054 4111 1246 4167 Altert.
1285 4111 1392 4181 (ed.
1415 4112 1709 4181 Thumser)
1739 4113 1764 4164 I
1790 4131 1844 4180 p.
1867 4115 1987 4180 174,
2010 4118 2058 4167 3.
2090 4144 2155 4152 -
2185 4113 2358 4167 Recte
2394 4110 2535 4164 mihi
2563 4109 2711 4177 Hug
2738 4106 2904 4160 huius

565 4202 903 4256 narrationis
943 4200 1218 4271 originem
1252 4201 1383 4254 inde
1421 4203 1674 4270 repetere
1708 4200 1957 4269 videtur,
2010 4204 2074 4255 ut
2111 4202 2262 4269 quod
2309 4201 2377 4253 de
2416 4196 2651 4267 singulis
2688 4197 2903 4252 factum

567 4293 716 4344 esset
753 4292 827 4345 ad
865 4308 1056 4346 omnes
1092 4289 1336 4344 relatum
1373 4289 1473 4358 sit3
1518 4288 1585 4344 cf.
1624 4289 1772 4345 Plut.
1811 4290 1950 4360 Ayis
1986 4290 2037 4343 X
2075 4293 2132 4343 et
2168 4305 2312 4357 quae
2356 4288 2594 4340 adnotat
2628 4286 2902 4340 Wilamo-

565 4380 696 4434 witz
733 4387 933 4435 muers,
973 4381 1050 4434 IV
1085 4398 1140 4449 p.
1171 4384 1274 4432 303
1315 4380 1441 4434 adn.
1483 4384 1539 4448 63
1577 4378 1758 4435 Instit.
1789 4380 1992 4436 Lacon.
2024 4384 2090 4431 22
2120 4396 2173 4447 p.
2206 4382 2308 4429 238
2336 4374 2398 4432 E.
2448 4406 2513 4415 —-
2563 4375 2737 4429 Plane
2776 4392 2902 4429 con-

564 4469 743 4523 traria
784 4469 959 4523 habes
999 4486 1086 4539 ap.
1124 4469 1406 4539 Aristoph.
1446 4469 1547 4524 Av.
1588 4474 1743 4525 1012.
