3309 5167
1447 418 1552 485 n-—ss
1653 380 1781 445 106
1879 419 1952 427 —-

538 538 753 622 ipsum
810 538 1122 623 neglexit,
1191 541 1364 624 quod
1423 540 1595 606 Zeno
1663 563 1796 605 non
1866 541 2125 607 vocari
2185 541 2453 607 diversis
2511 541 2881 607 nominibus

539 645 820 711 voluerit
855 668 1051 709 unam
1089 649 1442 733 φρόνησιν,
1481 648 1592 712 sed
1640 648 1983 732 separari
2030 654 2161 713 tres
2203 648 2377 714 illius
2415 653 2650 734 partes,
2690 652 2881 732 atque

539 775 684 818 cum
732 753 1311 838 argumentationis
1351 756 1841 820 fundamentum
1877 754 2042 820 nihil
2078 756 2307 841 valeat,
2356 754 2682 821 conclusio
2719 755 2881 819 falsa

539 864 664 925 est:
719 883 831 946 „so
885 861 1061 925 kann
1106 861 1288 926 recht
1333 862 1507 927 wohl
1552 861 1659 926 fiir
1706 862 1989 927 einzelne
2039 862 2583 948 wirkungskreise
2630 860 2735 927 ein
2780 862 2882 925 be-

539 968 844 1032 sonderer
888 990 1102 1032 name
1151 968 1516 1053 existieren,
1573 969 1679 1034 fiir
1725 970 1957 1034 andere
2014 971 2168 1035 aber
2216 969 2457 1035 nicht.“
2543 970 2881 1036 Praeterea

543 1097 854 1159 quorsum
899 1075 1159 1139 tandem
1206 1075 1584 1141 definitur
1627 1076 1810 1141 notio
1859 1077 2190 1163 quaedam,
2237 1076 2277 1142 i.
2316 1100 2368 1142 e.
2410 1076 2601 1142 certis
2644 1076 2879 1141 finibus

538 1180 1112 1269 circumscribitur,
1169 1182 1224 1247 si
1281 1183 1434 1248 lieet
1477 1184 1598 1249 hos
1645 1169 1806 1249 fines
1852 1188 2047 1269 prout
2094 1184 2255 1250 libet
2300 1185 2640 1250 extendere
2688 1187 2880 1269 atque

539 1290 906 1354 coarctare?
989 1289 1084 1354 Ut
1129 1289 1330 1374 igitur
1376 1290 1582 1357 dicam
1629 1290 1785 1376 quid
1832 1291 2133 1378 sentiam,
2189 1315 2321 1357 non
2365 1291 2881 1377 interpretandas

539 1420 677 1463 esse
721 1419 949 1463 censeo
989 1397 1411 1485 definitiones,
1459 1399 1571 1463 sed
1606 1398 1890 1483 primum
1927 1400 2377 1485 quaerendum,
2424 1422 2583 1465 num
2620 1399 2879 1465 omnino

537 1509 611 1569 ut
657 1503 932 1569 traditae
981 1508 1131 1568 sunt
1170 1505 1249 1568 ab
1289 1527 1365 1569 eo
1401 1505 1728 1589 profectae
1768 1528 1906 1571 esse
1942 1506 2215 1591 possint,
2263 1505 2365 1571 6111
2403 1504 2881 1570 adscribuntur:

471 1688 488 1707 ·
538 1611 604 1675 1(1
661 1613 832 1696 quod
891 1611 968 1675 de
1026 1610 1130 1676 his
1192 1611 1489 1695 equidem
1542 1612 1733 1697 plane
1789 1635 1973 1699 nego.
2068 1613 2505 1700 Cognovimus
2564 1613 2758 1681 enim,
2787 1612 2883 1677 ita

543 1718 761 1783 omnia
813 1722 1069 1806 praeter
1123 1718 1434 1783 virtutem
1489 1724 1684 1804 atque
1733 1720 1965 1786 vitium
2019 1720 2355 1807 ἀδιάφορα
2400 1742 2539 1786 esse
2588 1720 2879 1785 docuisse

539 1830 854 1910 nostrum,
891 1829 965 1889 ut
1005 1848 1225 1891 omnes
1266 1849 1365 1891 res
1403 1848 1535 1891 non
1562 1849 1678 1910 per
1716 1850 1783 1891 se
1820 1828 2023 1893 malas
2064 1833 2177 1892 aut
2212 1830 2415 1893 bonas
2455 1850 2594 1892 esse
2614 1827 2882 1913 diceret,

540 1934 651 1998 sed
698 1933 775 1997 de
823 1956 940 1998 suo
986 1932 1331 2018 hominem,
1379 1934 1491 2018 qui
1529 1956 1635 1999 eas
1674 1935 2007 2022 acciperet,
2054 1936 2297 2000 bonum
2343 1940 2457 1999 aut
2502 1935 2745 2000 malum
2790 1934 2883 2001 111-

538 2041 731 2109 ferre:
780 2062 918 2125 ⁴non
972 2039 1174 2125 igitur
1220 2045 1294 2106 ut
1338 2040 1762 2106 Antisthenes
1810 2040 2087 2121 ἀδοξίαν
2134 2042 2387 2108 dicebat
2438 2044 2678 2108 bonum
2724 2067 2883 2131 esse,

533 2148 644 2213 sed
687 2184 758 2193 —-
816 2152 890 2227 ut
951 2148 1315 2232 exemplum
1379 2148 1504 2213 tibi
1562 2172 1923 2234 proponam
1982 2151 2154 2235 quod
2218 2150 2361 2235 ipso
2424 2150 2560 2216 eius
2622 2151 2882 2216 nomine

535 2256 741 2319 fertur
793 2292 868 2301 -—
922 2254 1176 2319 dicebat
1241 2253 1450 2343 (Stob.
1509 2256 1645 2320 flor.
1705 2257 1817 2341 94,
1870 2254 2012 2344 15):
2086 2257 2177 2335 ὡς
2239 2259 2359 2323 τὸν
2422 2258 2628 2324 αὐτὸν
2693 2254 2925 2325 οἶνον-

531 2366 840 2439 πίνοντες
885 2364 956 2427 οἰ
1007 2358 1130 2447 μὲν
1185 2372 1604 2448 παροινοῦσι,
1650 2364 1721 2429 οἱ
1763 2360 1837 2429 δὲ
1882 2363 2325 2451 πραΰνονται,
2382 2365 2555 2430 οὕτω
2610 2364 2720 2431 καὶ
2766 2369 2885 2431 τὸν

531 2475 824 2535 πλοῦτον
855 2519 870 2533 .
893 2518 907 2534 .
938 2508 1022 2516 -
1062 2469 1312 2555 reliqua
1347 2491 1480 2535 non
1515 2470 1859 2555 exscripsit
1896 2472 2007 2556 qui
2045 2471 2159 2536 illa
2206 2473 2400 2557 ὅμοια
2440 2495 2473 2536 6
2510 2472 2695 2538 libris
2733 2472 2885 2538 Ari-

531 2576 738 2642 stonis
777 2576 1114 2660 excerpsit,
1161 2577 1273 2641 sed
1310 2576 1498 2642 facile
1537 2578 1827 2662 suppleri
1863 2583 2139 2662 possunt
2172 2616 2248 2627 -
2286 2579 2475 2645 alteri
2512 2579 2583 2643 in
2619 2581 2883 2665 bonum,

531 2682 721 2748 alteri
757 2682 828 2747 in
862 2682 1107 2747 malum
1143 2688 1544 2749 convertunt.
1612 2683 1947 2760 Quomodo
1985 2684 2188 2770 igitur
2223 2684 2330 2752 hic
2365 2692 2624 2770 poterat
2673 2687 2881 2753 dicere

533 2791 693 2856 ὅταν
730 2790 1068 2876 αἱρεῖσθαι
1113 2814 1183 2856 τε
1230 2788 1348 2876 δέη
1393 2788 1704 2874 τάγαθὰ
1749 2790 1860 2857 καὶ
1898 2794 2175 2877 φεύγειν
2212 2795 2301 2859 τὰ
2336 2795 2529 2859 κακά
2566 2798 2679 2860 aut
2718 2796 2881 2861 ὅταν

531 2897 844 2984 πράττειν
890 2892 1014 2981 μὲν
1059 2891 1363 2981 τάγαθὰ
1408 2897 1518 2963 καὶ
1564 2900 1650 2983 μὴ
1698 2898 2011 2985 πράττειν
2057 2900 2145 2965 τὰ
2188 2900 2424 2968 nauci?
2500 2900 2627 2967 Sed
2672 2925 2879 2987 neque

533 3004 855 3089 quomodo
922 3006 1248 3089 φρόνησις
1306 3005 1476 3089 apud
1530 3005 1953 3070 Plutarchum
2008 3006 2311 3071 definitur
2362 3044 2436 3054 —
2489 3031 2877 3094 quamquam

531 3112 640 3176 hic
697 3112 774 3176 de
830 3110 1016 3175 malis
1065 3110 1379 3195 bonisque
1429 3134 1561 3177 non
1605 3112 1896 3196 loquitur
1942 3150 2025 3159 --
2066 3118 2132 3177 et
2177 3114 2259 3179 ad
2305 3118 2745 3202 σωφροσύνης
2788 3120 2875 3181 at-

535 3242 658 3304 que
702 3218 1131 3301 δικαιοσύνης
1169 3217 1572 3284 definitiones
1613 3219 1888 3304 quadrat
1929 3224 1994 3285 et
2030 3222 2113 3285 ad
2149 3220 2517 3287 universam
2552 3222 2874 3289 Aristonis

533 3325 836 3410 indolem,
884 3324 997 3409 qui
1041 3346 1362 3410 nusquam
1400 3326 1594 3391 certis
1633 3326 1931 3392 formulis
1973 3327 2325 3413 quidquam
2364 3330 2723 3416 descripsit,
2770 3331 2880 3395 sed

533 3436 849 3518 quantum
911 3431 1051 3496 fieri
1112 3436 1334 3517 posset
1387 3431 1628 3498 rationi
1685 3455 1981 3517 campum
2037 3433 2237 3500 dedit:
2301 3440 2645 3520 propterea
2698 3460 2881 3521 repu-

533 3540 755 3605 diabat
798 3539 1276 3624 praeceptivam
1328 3539 1779 3625 philosophiae
1835 3546 2088 3626 partem
2101 3539 2167 3628 ¹),
2213 3547 2557 3627 propterea
2600 3546 2883 3630 negabat

529 3647 792 3711 domum
819 3650 886 3709 et
910 3646 1189 3729 patriam
1217 3669 1410 3732 esse,
1439 3647 1694 3712 dicebat
1719 3647 2105 3713 nominari
2143 3648 2877 3737 uniuscuiusque,.prop-

529 3760 707 3819 terea
761 3752 1034 3837 denique
1089 3758 1331 3819 certam
1383 3755 1704 3821 bonorum
1760 3759 1826 3820 et
1879 3755 2200 3820 malorum
2244 3779 2541 3823 normam
2592 3762 2879 3824 statuere

678 3986 728 4055 1)
765 3983 846 4039 of.
883 3982 1215 4053 praesertim
1243 3983 1367 4039 Sen.
1399 4001 1486 4053 ep.
1517 3990 1603 4053 94,
1633 3990 1664 4037 2
1683 4002 1802 4054 sqq.
1824 4016 1890 4025 ·-
1910 3985 2002 4039 Ad
2027 3984 2348 4041 Aristonem
2385 4004 2607 4056 quoque
2641 3988 2881 4042 redeunt

529 4092 677 4144 quae
725 4074 936 4129 Seneca
981 4090 1066 4143 ep.
1109 4078 1171 4127 71
1187 4116 1200 4143 ,
1239 4079 1271 4127 2
1301 4092 1420 4144 sqq.
1462 4074 1714 4143 exponit:
1752 4092 1865 4130 non
1901 4077 2151 4145 disponet
2184 4078 2434 4148 sinyula,
2480 4079 2594 4132 nisi
2638 4080 2729 4133 cui
2766 4080 2881 4132 iam

528 4168 674 4221 vitae
709 4180 840 4219 suae
875 4180 1087 4219 summa
1112 4165 1403 4234 proposita
1439 4170 1530 4219 est.
1590 4163 1729 4219 Cum
1766 4164 1915 4219 enim
1954 4163 2179 4219 omnino
2219 4164 2635 4235 similitudines,
2674 4166 2877 4235 quibus

530 4254 670 4307 haec
699 4252 1066 4323 explicantur,
1086 4252 1406 4307 Aristonem
1424 4253 1682 4308 redolent
1702 4253 1953 4323 (pictoris
1977 4255 2070 4325 [cf.
2092 4274 2149 4309 π.
2170 4254 2338 4324 τύχης
2366 4273 2411 4309 6.
2434 4260 2468 4307 4
2494 4273 2548 4324 p.
2573 4254 2878 4325 99Asqq.]‚

530 4344 778 4412 nautae),
818 4345 939 4396 tum
977 4342 1052 4397 ad
1088 4343 1263 4396 verba
1300 4343 1580 4411 quaedam
1619 4344 1898 4398 consentit
1945 4344 2261 4414 exemplum
2313 4344 2432 4399 eius
2480 4346 2577 4415 qui
2619 4348 2879 4416 sayittam

527 4433 646 4488 vult
681 4434 888 4487 mittere
936 4449 1065 4486 cum
1113 4430 1483 4486 similitudine
1529 4431 1650 4486 eius
1698 4434 1793 4503 qui
1837 4434 2081 4489 iaculari
2126 4435 2289 4489 discit
2334 4433 2613 4489 Aristonis
2652 4433 2877 4489 nomine

531 4522 732 4575 notata
769 4536 854 4590 ep.
895 4525 980 4591 94,
1020 4526 1070 4575 3.
