3309 5167
1475 357 1901 423 „36-

699 519 838 584 Iam
874 518 1205 583 redeamus
1242 517 1409 582 unde
1445 517 1725 603 digressi
1762 541 1999 583 sumus.
2082 517 2299 603 Atque
2336 540 2559 583 versus
2598 516 2857 602 quidem

523 627 691 711 apud
719 632 1064 711 utrumque
1093 630 1159 691 et
1184 624 1554 691 Musonium
1591 630 1657 689 et
1683 625 2104 691 Plutarchum
2142 624 2379 691 servati
2408 629 2576 709 sunt,
2602 623 2855 707 fidelius

523 734 605 797 ab
650 734 774 799 hoc
821 756 1015 819 quam
1060 734 1143 797 ab
1187 732 1336 818 illo;
1383 732 1496 797 sed
1540 733 1761 797 deesse
1807 733 2061 798 videtur
2106 772 2189 779 —
2239 732 2411 817 quod
2448 732 2723 796 alterum
2757 729 2857 794 illi

521 842 766 926 figurae
820 839 1085 925 adiungi
1139 840 1329 903 debet
1366 878 1449 885 —
1488 838 1631 923 ipsa
1676 838 1915 925 dialogi
1963 839 2198 904 forma:
2252 837 2638 902 Plutarchus
2686 835 2857 901 enim

521 948 738 1012 omnia
799 969 914 1031 per
977 946 1239 1011 tertiam
1310 968 1653 1031 personam
1726 945 1987 1011 disserit
2001 998 2018 1031 ,
2092 950 2286 1029 atque
2351 943 2688 1009 Musonius
2753 944 2857 1007 vel

520 1160 763 1225 indicat
817 1160 986 1245 apud
1041 1165 1387 1245 utrumque
1431 1183 1565 1226 non
1611 1160 1958 1246 genuinam
2004 1160 2279 1224 formam
2325 1163 2645 1223 servatam
2690 1168 2853 1223 esse‘:

518 1266 718 1332 immo
765 1271 1036 1352 uterque
1075 1290 1239 1353 quae
1285 1267 1410 1333 sibi
1456 1267 1791 1352 proprium
1828 1267 2053 1332 Bionis
2101 1266 2431 1351 ingenium
2474 1265 2667 1330 nimis
2704 1287 2855 1349 pro-

519 1374 667 1438 dere
714 1374 1098 1440 videbantur
1145 1397 1262 1440 suo
1309 1375 1500 1440 modo
1549 1375 1871 1440 occultare
1920 1373 2186 1459 studuit,
2234 1379 2427 1459 atque
2467 1371 2854 1437 Plutarchus

519 1481 780 1566 quidem
836 1504 1030 1567 quam
1084 1482 1226 1547 fieri
1279 1487 1537 1567 poterat
1593 1481 2069 1567 simplicissime
2120 1486 2313 1566 atque
2360 1478 2854 1567 elegantissime,

513 1587 852 1653 Musonius
927 1588 1086 1653 satis
1159 1588 1319 1653 mire
1393 1593 1587 1673 atque
1662 1589 2073 1675 ineleganter.
2174 1587 2344 1652 Huic
2417 1586 2587 1651 enim
2659 1590 2854 1670 atque

434 1694 448 1709 ‘
516 1695 848 1780 discipulis
904 1700 1161 1780 praeter
1217 1699 1462 1760 ceteros
1517 1699 1592 1760 ut
1647 1700 1946 1780 acceptae
2001 1700 2185 1760 erant
2234 1695 2412 1779 ipsae
2456 1692 2680 1759 Bionis
2717 1715 2855 1757 sen-

515 1802 757 1867 tentiae
816 1801 910 1866 ita
961 1802 1221 1887 ingrata
1266 1824 1427 1887 quae
1476 1802 1568 1867 eis
1617 1802 1845 1868 induta
1890 1808 2031 1867 erat
2073 1802 2307 1887 forma,
2363 1823 2557 1886 quam
2604 1822 2856 1885 semper

516 1908 692 1973 omni
737 1909 929 1974 modo
975 1908 1414 1995 detergebant.

694 2018 750 2080 2.
783 2014 946 2081 Cum
982 2015 1186 2101 igitur
1222 2017 1499 2081 formam
1526 2039 1675 2082 vere
1702 2017 2015 2082 Bioneam
2053 2018 2315 2081 subesse
2346 2014 2853 2100 cognoverimus,

514 2121 649 2186 iam
701 2121 1032 2187 videamus
1084 2124 1161 2187 de
1209 2124 1622 2189 sententiis
1670 2123 1857 2209 ipsis,
1912 2128 1987 2188 ut
2032 2145 2108 2188 eo
2156 2123 2393 2188 certius
2438 2122 2857 2208 Borystheni-

515 2234 651 2295 tam
714 2235 1044 2295 auctorem
1107 2229 1306 2295 fuisse
1362 2231 1721 2317 evincatur,
1786 2253 2178 2316 quamquam
2239 2230 2343 2294 vel
2409 2252 2487 2294 ex
2550 2252 2625 2294 eo
2682 2231 2855 2315 quod
2930 2286 2935 2293 .

514 2336 902 2402 Plutarchus
950 2342 1017 2401 et
1050 2337 1388 2403 Musonius
1436 2339 1663 2404 eodem
1699 2360 1734 2402 e
1771 2338 1949 2403 fonte
1986 2336 2403 2422 hauseruntl)
2441 2336 2855 2401 notissimum

514 2530 967 2600 Damasippus
1013 2532 1354 2600 descripsisse
1399 2530 1538 2585 satis
1583 2532 1758 2586 habet
1804 2532 1997 2587 docilis
2033 2537 2329 2601 praecepta
2374 2529 2653 2599 Stertinii,
2700 2529 2855 2583 haud

516 2619 824 2691 sapientior
859 2636 1031 2688 quam
1067 2618 1375 2689 discipulus
1407 2620 1505 2675 ille
1534 2621 1693 2675 cuius
1722 2621 1902 2676 omnis
1941 2622 2196 2675 doctrina
2234 2619 2550 2675 continetur
2583 2619 2768 2673 verbis

1045 2710 1192 2764 dewn
1225 2727 1338 2765 was
1371 2728 1504 2765 onan
1536 2712 1776 2765 schwarz
1812 2712 1926 2779 auf
1950 2713 2104 2765 weiss
2140 2711 2325 2765 besitzt

1044 2800 1197 2853 kawn
1230 2817 1362 2854 man
1395 2806 1592 2871 yetrost
1625 2801 1769 2855 ‘nach
1802 2801 1969 2855 hau-se
1984 2817 1988 2821 ’
2004 2802 2227 2871 trayc‘n!

655 2887 896 2943 Catius
939 2889 1244 2957 praecepta
1289 2888 1468 2957 canit,
1515 2905 1752 2958 quorum
1798 2890 2063 2944 celabitwr
2098 2895 2305 2943 auctor.
2382 2885 2530 2952 Quid
2566 2886 2852 2941 Davus?:

513 2977 799 3046 „Crispini
833 2978 1018 3031 docuit
1052 2994 1133 3031 me
1169 2978 1432 3032 ἰἰιφηῖονέί
1494 2977 1558 3030 In
1595 2978 1685 3031 his
1722 2980 1872 3032 certe
1908 2977 2053 3031 nihil
2088 2976 2465 3046 „Menippei“,
2500 2975 2652 3044 quod
2679 2991 2855 3044 nuper

515 3066 690 3121 etiam
723 3065 938 3121 Heinze
975 3065 1303 3135 cognovisse
1332 3065 1443 3119 sibi
1477 3065 1631 3119 visus
1672 3068 1773 3121 est.
2373 3079 2381 3085 “

659 3157 712 3224 1)
749 3154 1072 3209 Wendland
1109 3156 1334 3223 (quaest.
1374 3154 1597 3209 Muson.
1636 3172 1689 3223 p.
1718 3160 1787 3207 54
1806 3156 1949 3225 sqq.)
1986 3154 2071 3208 ita
2108 3153 2354 3223 explicat
2390 3170 2720 3208 consensum
2757 3154 2855 3222 qui

513 3244 661 3298 inter
686 3243 1051 3297 Plutarchum
1087 3241 1387 3297 intercedit
1414 3245 1472 3297 et
1499 3260 1568 3297 ea
1596 3260 1741 3312 quae
1771 3238 1834 3297 ἐκ
1860 3252 1971 3297 τῶν
1998 3246 2338 3298 Μουσωνίου
2369 3243 2520 3311 apud
2549 3242 2855 3297 Stobaeum

515 3335 739 3386 servata
767 3334 912 3399 sunt,
950 3333 1015 3385 ut
1050 3334 1288 3400 utraque
1327 3349 1357 3386 e
1385 3331 1567 3401 λόγοις
1593 3332 1838 3386 Musonii
1870 3331 2176 3401 deperditis
2204 3332 2431 3386 fluxisse
2462 3330 2630 3386 dicat.
2698 3330 2852 3395 Quae

515 3438 641 3474 cum
679 3421 844 3475 certis
882 3420 1226 3490 argumentis
1263 3438 1446 3490 neque
1484 3421 1855 3475 demonstrari
1890 3438 2071 3491 neque
2107 3420 2343 3476 refutari
2377 3420 2619 3490 possint,
2656 3437 2757 3489 per
2795 3438 2853 3474 se

513 3508 742 3562 minime
787 3508 1091 3564 verisimile
1146 3527 1268 3565 esse
1325 3510 1555 3580 dixeris,
1612 3510 1978 3565 Plutarchum
2034 3510 2241 3580 quippe
2287 3510 2385 3579 qui
2440 3527 2574 3565 suae
2625 3509 2853 3579 linguae

516 3599 771 3651 auctores
809 3598 1019 3667 optime
1054 3599 1275 3653 noverit
1312 3602 1482 3668 atque
1520 3599 1746 3653 omnino
1775 3599 1863 3653 vir
1896 3616 2137 3668 magnae
2165 3599 2337 3653 fuerit
2364 3599 2714 3668 eruditionis,
2753 3617 2855 3654 sua

516 3686 585 3740 de
621 3686 782 3740 libris
818 3686 1062 3740 hominis
1097 3687 1328 3741 barbari
1368 3688 1796 3758 deprompsisse,
1835 3688 1933 3757 qui
1962 3687 2218 3758 quamvis
2246 3704 2453 3757 magno
2480 3688 2654 3742 fuerit
2682 3688 2855 3743 animi

514 3775 756 3830 candore
804 3778 974 3844 atque
1019 3776 1167 3830 bono
1215 3776 1402 3831 animo
1448 3779 1753 3847 praecepta
1798 3776 2061 3845 ediderit,
2109 3779 2299 3831 tamen
2346 3794 2447 3846 per
2489 3794 2852 3847 unumquem-

514 3880 622 3933 que
658 3863 929 3918 librorum
965 3881 1188 3918 versum
1214 3864 1530 3920 Romanum
1567 3884 1626 3921 se
1664 3868 1991 3936 praebebat,
2030 3865 2187 3920 cuius
2225 3866 2383 3920 vitiis
2412 3867 2578 3921 homo
2608 3866 2849 3919 Graecus

514 3952 696 4021 magis
745 3953 1155 4023 deterrebatur,
1202 3972 1372 4023 quam
1418 3973 1518 4010 nos
1563 3956 1869 4010 virtutibus
1918 3956 2170 4009 eiusdem
2216 3955 2508 4009 allicimur.
2549 3986 2615 3994 —
2660 3953 2848 4006 Etiam

515 4041 595 4095 eis
633 4058 777 4110 quae
804 4042 990 4097 Hense
1019 4042 1250 4112 exponit
1276 4043 1313 4099 1.
1334 4061 1379 4099 c.
1409 4062 1463 4113 p.
1485 4049 1588 4098 546
1610 4063 1690 4114 sq.
1726 4048 1784 4099 et
1810 4063 1863 4114 p.
1888 4049 1988 4097 552
2010 4062 2091 4113 sq.
2121 4061 2307 4098 meum
2346 4043 2414 4096 de
2450 4040 2665 4094 ratione
2702 4040 2849 4093 inter

513 4128 832 4183 Musonium
878 4133 936 4184 et
971 4130 1336 4185 Plutarchum
1380 4132 1760 4187 intercedente
1806 4131 2079 4185 iudicium
2121 4132 2304 4201 magis
2347 4126 2657 4183 confirmari
2692 4129 2847 4196 puto,

514 4234 684 4285 quam
719 4219 1086 4273 Wendlandii
1123 4220 1457 4289 opinionem.
1533 4220 1739 4275 Omnes
1777 4220 1927 4275 enim
1964 4237 2103 4290 quos
2138 4220 2349 4273 tractat
2380 4216 2469 4270 vir
2504 4215 2701 4269 doctus
2737 4214 2850 4270 loci

512 4305 800 4360 Plutarchi
846 4310 904 4361 et
938 4308 1186 4363 Musonii
1222 4325 1539 4363 communes
1584 4309 1730 4362 tales
1768 4310 1923 4376 sunt,
1969 4311 2035 4361 ut
2068 4308 2280 4361 Bionea
2318 4305 2399 4358 eis
2438 4304 2665 4357 subesse
2702 4304 2850 4359 effici

512 4393 716 4461 possit:
745 4394 806 4447 id
835 4398 985 4464 quod
1015 4415 1148 4451 casu
1176 4398 1390 4451 factum
1418 4414 1539 4452 esse
1568 4398 1780 4466 nequit,
1812 4399 1911 4452 sed
1938 4398 2021 4451 ita
2049 4394 2439 4465 explicandum
2468 4409 2589 4446 esse
2607 4393 2849 4465 videtur,

513 4484 579 4534 ut
615 4484 674 4535 et
707 4482 767 4534 in
802 4483 1122 4538 Musonium
1159 4489 1218 4539 et
1253 4486 1312 4539 in
1337 4485 1703 4540 Plutarchum
1728 4486 1941 4541 Bionea
1976 4484 2311 4552 influxerint,
2351 4486 2453 4537 aut
2485 4482 2642 4538 nullo
2680 4485 2849 4539 inter-
