3309 5167
1525 386 1948 450 ,30-

741 545 1058 610 Universa
1091 542 1208 608 illa
1243 544 1578 630 sententia,
1614 566 1735 609 nos
1776 544 1952 629 ipsos
1990 543 2284 609 miseriae
2320 548 2579 609 nostrae
2608 548 2902 609 auctores

563 674 730 738 esse,
784 675 916 717 non
970 674 1100 735 res,
1155 655 1228 714 ut
1283 651 1363 724 ad
1415 651 1575 716 alias
1623 674 1725 716 res
1773 650 2121 735 separatim
2166 650 2442 715 refertur
2483 690 2565 698 —
2601 651 2780 716 velut
2824 652 2904 716 ad

560 762 1008 845 paupertatem
1054 757 1124 822 in
1162 756 1306 823 Sen.
1344 780 1440 843 ep.
1485 762 1583 843 17,
1617 761 1695 825 11
1718 781 1884 844 sqq.:
1928 780 2056 823 non
2090 763 2178 824 est
2209 760 2282 829 in
2316 758 2495 824 rebus
2528 760 2787 839 vitium-‚⁸
2800 760 2908 823 sed

559 869 629 931 iu
683 870 818 950 ipso
870 868 1153 931 animo:
1206 866 1370 931 illud
1409 868 1574 948 quod
1603 871 2035 949 paupertatem
2079 865 2253 931 nobis
2291 886 2542 948 qravem
2581 866 2809 947 fecerat
2850 870 2908 930 et

560 975 810 1040 divitias
848 994 1068 1057 qraves
1100 973 1273 1054 fecit;
1320 976 1396 1045 ut
1434 992 1622 1057 aeger
1661 972 1731 1038 in
1776 972 1945 1038 lecto
1987 994 2181 1037 aureo
2219 976 2414 1057 atque
2451 972 2665 1057 ligneo
2704 994 2903 1057 aeque

561 1085 882 1167 aegrotat:
935 1082 1025 1145 sic
1079 1079 1242 1145 nihil
1294 1081 1483 1161 refert
1531 1084 1743 1145 utrum
1798 1099 1974 1165 aeyer
2016 1080 2269 1145 animus
2314 1081 2382 1144 iu
2427 1080 2659 1145 divitiis
2704 1101 2791 1144 an
2834 1088 2905 1145 in

549 1193 918 1271 paupertate
950 1192 1260 1270 ponatur:
1306 1188 1580 1252 malum
1631 1208 1843 1253 suum
1888 1187 2105 1252 illum
2147 1188 2485 1269 sequitur
2534 1190 2601 1249 et
2644 1188 2717 1251 de
2757 1208 2903 1251 rem.

555 1296 696 1377 fort.
717 1294 796 1381 X,
816 1296 849 1359 1
872 1317 935 1378 p.
953 1294 1096 1379 104,
1116 1294 1198 1359 15
1226 1292 1459 1359 Rossb.
1477 1332 1574 1379 --,
1603 1293 1699 1359 ita
1726 1294 1807 1359 ad
1836 1293 2116 1379 exilium,
2145 1294 2249 1359 vel
2273 1291 2494 1378 potius
2526 1293 2607 1357 ad
2628 1315 2907 1358 commu-

560 1402 874 1467 tationem
911 1399 1054 1485 loci,
1093 1423 1288 1486 quam
1324 1400 1494 1466 inter
1531 1401 1707 1465 exilii
1745 1401 1916 1466 mala
1948 1405 2310 1465 numerant.
2386 1399 2677 1465 Similem
2712 1399 2904 1465 huius

559 1508 945 1573 Annaeanae
973 1507 1288 1593 epistulae
1314 1507 1442 1573 loci
1470 1507 1643 1573 dicas
1663 1507 2061 1573 Horatianae
2085 1508 2273 1573 illum
2295 1505 2421 1595 (ep.
2440 1508 2491 1593 I,
2516 1509 2616 1593 14,
2641 1508 2721 1573 10
2732 1505 2904 1596 sqq.)

738 1616 913 1681 Rure
957 1637 1060 1699 eye
1103 1617 1422 1702 viventem,
1468 1621 1535 1681 tu
1580 1618 1735 1682 dicis
1778 1618 1849 1682 in
1894 1617 2043 1682 urbe
2086 1616 2361 1681 beatum:

739 1721 860 1789 Oui
892 1724 1099 1807 placet
1141 1724 1398 1789 alterius
1440 1744 1559 1789 sua
1600 1724 1905 1789 nimirum
1950 1728 2039 1789 est
2082 1724 2221 1788 odio
2265 1743 2414 1788 sors.

737 1830 981 1897 Stultus
1023 1834 1271 1913 uterque
1315 1831 1548 1896 locum
1591 1831 2019 1896 inmeritum
2062 1834 2427 1895 causatur
2470 1830 2754 1911 inique:

737 1937 822 2002 In
867 1938 1050 2020 culpa
1093 1943 1183 2003 est
1226 1939 1553 2021 animus’,
1598 1938 1728 2020 qui
1770 1958 1842 2003 se
1884 1959 2029 2003 nou
2073 1938 2349 2020 effuqit
2389 1958 2725 2019 uuquam.

560 2043 776 2129 Atque
832 2044 1021 2108 alteri
1077 2044 1203 2109 duo
1259 2044 1386 2109 loci
1442 2044 1602 2109 mire
1649 2044 2061 2109 consentiunt
2106 2043 2278 2109 inter
2324 2066 2391 2108 se
2438 2048 2665 2127 poetae
2711 2047 2905 2128 atque

560 2151 956 2237 philosophi,
1012 2174 1405 2237 quamquam
1456 2174 1590 2217 non
1642 2151 1991 2217 verisimile
2048 2174 2186 2216 esse
2239 2150 2503 2236 dixeriS,
2558 2149 2731 2218 hunc
2778 2173 2904 2235 quo

561 2262 700 2322 erat
742 2256 1003 2342 ingenio
1051 2281 1126 2323 ex
1170 2258 1284 2323 illo
1323 2282 1442 2324 sua
1483 2259 1802 2344 hausisse,
1847 2259 2007 2323 Hor.
2044 2281 2141 2344 ep.
2186 2262 2240 2344 1,
2282 2260 2381 2344 11,
2420 2258 2531 2323 25:

560 2386 711 2430 nam
745 2367 804 2431 si
839 2367 1002 2430 ratio
1029 2371 1088 2430 et
1112 2368 1450 2449 prudentia
1477 2388 1677 2447 curaS,
1788 2366 1932 2433 Sen.
1978 2390 2076 2451 ep.
2124 2367 2228 2451 28,
2271 2368 2335 2432 1:

561 2472 708 2539 Non
757 2472 920 2537 loeus
964 2473 1148 2553 effusi
1190 2473 1310 2539 late
1344 2474 1544 2539 mar-2⁶5²
1576 2495 1677 2539 ar-

650 2580 800 2645 biter
843 2581 1071 2665 aufert,

563 2685 862 2753 Caelum
923 2707 1071 2752 uon
1133 2688 1462 2753 animum
1524 2710 1673 2753 mu·
1786 2687 2115 2753 animum
2167 2687 2338 2754 debes
2395 2692 2707 2772 mutare,
2760 2708 2906 2752 uon

651 2799 837 2880 tant,
865 2796 974 2876 qui
1003 2799 1180 2860 trans
1197 2816 1372 2860 mare
1398 2800 1675 2861 currunt.
1786 2795 2085 2862 eaelum.
2108 2846 2121 2858 .
2144 2843 2159 2858 .
2190 2791 2293 2882 (5)
2322 2814 2448 2861 mm
2464 2795 2904 2878 pereyo-inauris,

562 2900 830 2968 Strenua
918 2922 1031 2967 nos
1111 2908 1340 2967 exercet
1417 2903 1678 2968 inertia:
1787 2902 1894 2967 sed
1934 2923 2105 2968 erras
2150 2908 2207 2967 et
2248 2903 2449 2985 ayeris
2485 2922 2558 2967 ae
2595 2900 2792 2967 locum
2826 2922 2901 2965 ex

647 3009 909 3074 navibus
952 3013 1133 3090 atque
1784 3009 1913 3075 loeo
1986 3014 2221 3094 mutas,
2292 3029 2432 3073 eum
2498 3009 2660 3073 illud
2717 3008 2903 3090 quod

573 3099 1188 3199 Quadriqispetimus
1217 3115 1386 3181 bene
1420 3117 1679 3181 vivere.
1787 3118 2090 3198 quaeris
2169 3117 2337 3182 bene
2415 3116 2657 3180 vivere
2732 3114 2895 3179 omni

662 3223 863 3304 Quod
894 3224 1093 3305 petis
1137 3222 1235 3287 hie
1279 3226 1390 3307 est,
1789 3223 1911 3288 loeo
1948 3225 2223 3306 positum
2267 3219 2433 3310 sit.1)

565 3330 688 3394 Est
743 3329 1012 3412 Ulubris,
1059 3330 1312 3395 animus
1353 3329 1414 3394 si
1458 3334 1512 3394 te
1553 3349 1682 3395 rum

650 3437 852 3518 deficit
892 3456 1135 3517 aequus.
1730 3450 1737 3523 Ι

561 3542 806 3608 Bionea
861 3564 1024 3627 quae
1077 3541 1206 3606 huc
1257 3542 1586 3627 pertinent
1631 3565 1829 3627 supra
1872 3542 2004 3608 iam
2050 3542 2707 3629 commemoravimus,
2756 3563 2903 3606 cum

563 3650 640 3714 de
694 3649 861 3714 Plut.
911 3672 1088 3734 capp.
1141 3651 1221 3715 16
1270 3654 1334 3713 et
1382 3651 1422 3715 6
1479 3649 1756 3735 egimus:
1812 3672 2089 3735 quorum
2135 3649 2373 3715 similia
2418 3650 2616 3715 etiam
2658 3650 2728 3714 in
2773 3648 2905 3735 epi-

563 3756 753 3823 stulis
815 3753 1207 3841 Cynicorum
1259 3757 1530 3821 redeunt
1576 3755 1793 3845 (Diog.
1834 3781 1928 3843 ep.
1970 3761 2071 3844 36,
2111 3759 2152 3824 5
2208 3757 2289 3823 οὐ
2334 3760 2459 3844 γὰρ
2512 3759 2677 3823 αὐτὰ
2730 3752 2903 3841 ἦσαν

563 3864 825 3948 βλάβαι,
871 3862 1037 3929 ἀλλὰ
1082 3862 1479 3951 μοχθηρία),
1526 3886 1687 3948 quas
1736 3863 2029 3949 Cynismi
2073 3863 2446 3930 recentioris
2494 3888 2633 3931 esse
2679 3887 2903 3931 monu-

562 3974 781 4034 menta
832 3974 1065 4034 notum
1117 3975 1243 4056 est,
1299 3975 1364 4034 et
1416 3970 1487 4034 in
1530 3970 1799 4035 Luciani
1846 3971 1959 4056 qui
2003 3972 2210 4037 fertur
2252 3976 2526 4061 Κυνικςό
2571 3970 2735 4059 (cap.
2770 3968 2901 4059 17).

562 4076 760 4142 Vides
820 4080 894 4140 ut
947 4075 1105 4141 haec
1165 4076 1407 4163 omnia,
1468 4100 1631 4162 quae
1692 4078 1990 4145 omnibus
2041 4079 2173 4145 fere
2233 4079 2631 4166 temporibus
2692 4077 2901 4163 magis

708 4254 760 4322 1)
798 4250 879 4307 cf.
918 4251 1366 4307 narratiunculas
1414 4253 1484 4308 de
1519 4253 1757 4308 Platone
1802 4256 1861 4308 et
1895 4254 2289 4325 Epaminonda
2335 4254 2551 4325 (Gnom.
2589 4253 2773 4310 Vatic.
2813 4253 2899 4309 ed.

562 4340 782 4396 Sternb.
831 4340 1038 4411 [Wieu.
1067 4343 1210 4397 stud.
1249 4342 1300 4395 X
1337 4344 1396 4396 et
1429 4343 1530 4415 XI]
1559 4361 1614 4399 n.
1651 4348 1758 4397 440
1796 4346 1854 4398 et
1890 4348 2017 4415 282)
2052 4362 2307 4414 quaeque
2344 4344 2427 4399 ibi
2464 4345 2807 4399 adnotantur
2843 4345 2902 4397 et

561 4446 707 4498 quae
746 4430 816 4483 de
851 4429 1136 4485 Demetrio
1165 4430 1435 4485 Phalereo
1472 4431 1645 4486 refert
1680 4432 1863 4488 Laert.
1894 4432 2054 4503 Diog.
2082 4434 2176 4503 IX,
2207 4439 2274 4487 37
2314 4435 2437 4504 (οὐκ
2467 4430 2538 4489 ἐκ
2566 4432 2776 4490 τόπου
2804 4431 2903 4488 δό-

561 4520 667 4587 ξαν
705 4520 940 4588 λαβεῖν
979 4517 1328 4589 βουλόμενος,
1366 4518 1506 4574 ἀλλὰ
1541 4518 1719 4595 τόπῳ
1758 4519 1931 4588 δόξαν
1968 4525 2373 4593 περιθεῖναι
2408 4520 2818 4595 προελόμενος).
