3309 5167
1395 388 1824 450 „11-

445 544 564 610 sic:
599 542 708 611 καὶ
751 548 868 623 τὰς
902 550 1174 624 πλείους
1211 543 1332 632 μὲν
1372 545 1630 625 ἐξώλεις
1666 558 1802 611 τῶν
1837 549 2097 612 πόλεων
2124 545 2233 611 καὶ
2260 546 2417 624 τοὺς
2446 545 2785 611 ἐνοικοῦν-

442 677 560 730 τας
586 652 860 739 ἀσεβεῖς,
889 653 1054 739 μέγα
1093 651 1166 719 δὲ
1193 652 1302 719 καὶ
1341 653 1670 741 προσηνές
1700 656 1847 738 <τι>
1874 654 1996 737 τὴν
2022 655 2327 739 πατρίδα.
2353 692 2425 700 -
2455 652 2647 719 Ἀλλὰ
2674 651 2784 718 καὶ

444 761 544 826 ὅτι
577 759 878 846 μέτοικος
914 762 1357 840 ὀνειδίζουσιν
1393 763 1472 827 οἰ
1502 759 1739 827 πολλοὶ
1776 763 1994 847 ὥσπερ
2040 759 2151 826 καὶ
2190 763 2425 844 Αἰγεῖ
2457 759 2785 844 λέγοντες·

1926 867 2184 953 μέτοικε
2230 871 2315 933 σὺ

804 974 1036 1061 <οὐ>δ’
1091 976 1367 1060 εὐγενὴς
1414 977 1508 1042 ὢν
1553 978 1753 1060 τήνδε
1801 978 2143 1053 δουλώσας
2170 974 2423 1063 agag&

619 1084 749 1148 Ubi
815 1106 946 1148 non
1008 1084 1282 1149 fortuito
1349 1084 1713 1168 exemplum
1780 1082 1904 1149 viri
1968 1088 2187 1149 extare
2252 1083 2355 1149 cui
2430 1082 2785 1167 Megarae

439 1194 594 1255 nato
641 1190 708 1254 id
753 1190 966 1276 ipsum
1014 1191 1268 1256 crimini
1315 1192 1527 1277 detur,
1583 1192 1695 1255 sed
1742 1190 1809 1254 id
1856 1213 2110 1276 quoque
2168 1190 2411 1275 optime
2468 1190 2783 1275 quadrare

440 1296 510 1361 in
567 1295 995 1382 Stilponem
1058 1298 1582 1384 Megarensem
1645 1302 1721 1363 ut
1787 1298 1959 1363 idem
2013 1296 2547 1362 Wachsmuthius
2621 1296 2783 1361 vidit

441 1441 529 1449 —
595 1428 668 1468 ea
735 1427 897 1490 quae
964 1405 1122 1470 talia
1182 1407 1536 1490 opponenti
1600 1405 1967 1471 adversario
2034 1404 2367 1489 respondit
2431 1404 2617 1469 Teles
2682 1404 2785 1469 vel

412 1511 660 1596 ‘potius
694 1510 904 1596 Stilpo
935 1516 1048 1577 aut
1086 1517 1453 1598 temporum
1480 1512 1727 1578 invidia
1757 1517 1869 1578 aut
1898 1512 2345 1597 epitomatoris
2374 1510 2789 1597 neglegentia

445 1618 818 1683 exciderunt
849 1656 949 1703 -—,
989 1619 1084 1683 ita
1118 1620 1277 1684 haec
1314 1624 1379 1684 et
1416 1642 1492 1684 03
1529 1642 1693 1705 quae
1732 1624 2092 1704 sequuntur
2129 1642 2334 1704 usque
2373 1618 2453 1683 ad
2484 1642 2543 1703 p.
2576 1620 2678 1702 21,
2702 1618 2787 1684 14

450 1724 765 1809 Stilponis
805 1749 944 1791 esse
982 1727 1180 1792 etiam
1217 1732 1561 1812 propterea
1596 1726 1934 1812 probabile
1973 1730 2090 1811 est,
2138 1727 2311 1812 quod
2359 1726 2519 1790 duae
2566 1729 2789 1791 extant

446 1833 826 1917 particulae,
885 1856 1048 1918 quae
1105 1835 1330 1899 eodem
1377 1834 1568 1899 modo
1625 1839 1701 1899 ut
1757 1856 1954 1918 supra
2005 1832 2154 1898 illae
2202 1831 2379 1920 (inde
2426 1856 2467 1897 a
2509 1857 2568 1917 p.
2607 1834 2711 1917 16,
2748 1835 2786 1897 8

443 1962 646 2023 usque
685 1941 765 2004 ad
801 1942 899 2025 17,
931 1939 1000 2027 9)
1041 1940 1674 2026 accuratissime-per
1712 1940 1969 2025 singula
1996 1939 2333 2005 enuntiata
2368 1940 2495 2004 sibi
2532 1962 2791 2023 respon-

445 2048 614 2111 dent.
691 2047 1047 2132 Postquam
1095 2047 1266 2112 enim
1313 2048 1535 2113 eadem
1580 2048 1791 2112 forma
1835 2071 1989 2112 usus
2035 2047 2439 2112 adversarius
2478 2047 2791 2132 quaedam

445 2154 750 2239 opposuit
789 2153 920 2241 (20,
950 2156 1187 2239 4-21,
1219 2154 1304 2241 2),
1351 2154 1634 2239 primum
1671 2155 2097 2240 philosophus
2136 2155 2195 2219 ei
2232 2156 2789 2241 argumentatione

442 2261 789 2345 respondet
826 2260 1093 2349 (excidit
1135 2264 1324 2347 -21,
1353 2259 1575 2348 3—5),
1622 2266 1764 2326 tum
1810 2262 2103 2346 exempla
2150 2262 2337 2327 affert
2382 2262 2483 2327 bis
2531 2262 2599 2326 in
2646 2284 2790 2326 0311-

445 2368 591 2432 dem
641 2368 917 2432 formam
971 2368 1256 2433 redacta:
1314 2370 1672 2434 afferuntur
1726 2369 1850 2434 viri
1905 2369 2123 2433 exules
2182 2371 2263 2434 ab
2311 2370 2609 2435 omnibus
2659 2370 2791 2434 1311-

444 2474 580 2539 dati
625 2478 820 2560 atque
868 2474 1178 2561 suspecti,
1225 2479 1298 2539 ut
1345 2476 1840 2560 demonstretur,
1889 2498 2083 2559 quam
2128 2474 2216 2540 sit
2259 2475 2552 2561 ineptum
2598 2476 2790 2541 alicui

443 2584 684 2667 probro
751 2582 928 2667 dare,
996 2583 1168 2666 quod
1231 2606 1362 2648 non
1428 2584 1514 2648 sit
1574 2582 1758 2668 civis;
1825 2582 2109 2648 Socratis
2167 2584 2383 2649 verbis
2449 2586 2792 2668 exponitur

447 2681 716 2754 multos
743 2690 950 2754 claros
996 2690 1170 2754 viros
1220 2694 1403 2755 extra
1446 2690 1727 2774 patriam
1774 2690 2063 2774 sepultos
2110 2714 2275 2776 esse,
2334 2696 2410 2756 ut
2456 2692 2791 2775 efficiatur,

445 2819 576 2860 non
630 2800 818 2880 turpe
875 2817 1012 2860 esse
1067 2796 1408 2880 peregrino
1465 2797 1689 2861 funere
1746 2796 2051 2882 aliquem,
2080 2798 2282 2862 condi.
2377 2797 2548 2874 Quin
2592 2798 2788 2863 etiam

445 2903 700 2989 singula
738 2904 935 2967 verba
972 2903 1410 2969 consentiunt:
1457 2901 1567 2969 καὶ
1606 2900 1947 2989 “Ηρακλέα
1985 2900 2107 2988 μὲν
2146 2954 2161 2969 .
2192 2954 2206 2968 .
2246 2904 2667 2990 ἐπαινοῦμεν,
2714 2907 2789 2970 τὸ

446 3008 518 3075 δὲ
573 3008 889 3096 μέτοικον
921 3006 1115 3103 ,εἶναι
1171 3010 1430 3087 ὄνειδος
1483 3010 1857 3096 ἡγούμεθας
1926 3050 2000 3058 -
2064 3009 2174 3077 καὶ
2239 3013 2605 3099 Σωκράτην
2668 3008 2791 3097 μὲν

445 3118 789 3184 ἐπαινοῦσι
837 3168 850 3183 .
882 3138 922 3181 .·
972 3118 1147 3202 ὅμως
1194 3114 1268 3181 δὲ
1313 3119 1387 3183 τὸ
1435 3114 1558 3202 μὲν
1605 3167 1619 3181 .
1650 3168 1665 3182 .
1712 3120 2001 3202 ὄνειδος,
2060 3168 2075 3183 .
2105 3168 2120 3183 .
2174 3121 2247 3185 τὸ
2305 3116 2378 3184 δὲ
2426 3170 2441 3183 .
2471 3169 2487 3183 .
2541 3123 2789 3205 τίμιον;

445 3226 739 3311 Denique
776 3230 1124 3309 utrumque
1160 3224 1646 3289 narratiuncula
1685 3228 2125 3292 confirmatur:
2173 3226 2336 3291 illud
2372 3227 2793 3292 Lacedaemo-

445 3334 703 3398 niorum
766 3355 900 3397 non
963 3331 1242 3396 multum
1305 3331 1374 3395 in
1437 3331 1899 3397 distribuendis
1966 3331 2321 3399 honoribus
2383 3334 2496 3399 ubi
2555 3335 2789 3419 aliquis

445 3445 638 3505 natus
699 3440 787 3505 sit
845 3438 1234 3524 curantium,
1299 3439 1424 3504 hoc
1477 3440 1738 3504 exulum
1791 3438 2288 3505 Atheniensium
2341 3441 2411 3506 in
2466 3442 2792 3527 Megarico

449 3548 742 3632 sepulcro
790 3547 1349 3631 acquiescentium.
1423 3546 1691 3613 Accedit
1729 3548 1899 3631 quod
1937 3547 2041 3612 vel
2076 3547 2219 3632 ipsa
2254 3556 2371 3633 τῆς
2407 3554 2795 3637 Μεγαρικῆς

451 3654 976 3719 commemoratio
1023 3654 1420 3740 Megaricum
1471 3654 1833 3739 Stilponem
1888 3654 2131 3720 indicat
2186 3660 2253 3720 et
2308 3657 2479 3741 quod
2525 3656 2794 3723 interro-

449 3758 729 3844 gationis
785 3760 988 3846 illius,
1046 3786 1123 3827 ex
1180 3786 1308 3847 qua
1360 3763 1596 3846 pendet
1650 3762 1811 3827 haec
1864 3761 2374 3848 narratiuncula,
2434 3749 2517 3829 τίχ
2554 3761 2627 3829 δὲ
2683 3764 2792 3830 καὶ

449 3866 795 3954 διαφέρειν
854 3868 940 3933 ἂν
995 3868 1180 3947 δόξαι
1237 3868 1342 3935 ἐπὶ
1399 3868 1588 3954 ξένης
1641 3880 1932 3955 ταφῆναι
1987 3870 2026 3954 ἢ
2085 3869 2157 3936 ἐν
2210 3880 2290 3957 τῇ
2347 3872 2511 3958 ἰδίας
2571 3872 2792 3936 eadem

448 3980 548 4041 est
594 3977 804 4061 figura
850 3998 1045 4060 quam
1093 4000 1288 4062 supra
1334 3977 1755 4063 cognovimus
1804 3976 1937 4065 (16,
1975 3981 2052 4043 12
2100 3982 2170 4043 τί
2212 3974 2285 4043 δὲ
2330 3976 2441 4043 καὶ
2488 3977 2791 4063 διαφέρει

449 4084 680 4168 ἄρχειν
725 4082 764 4167 ἢ
814 4081 1258 4170 ἰδιωτεύειν;).
2213 4084 2215 4086 ’

593 4261 645 4328 1)
683 4258 919 4314 Mutatis
975 4258 1261 4313 mutandis
1319 4259 1526 4315 similia
1579 4261 1668 4314 illi
1722 4260 1937 4315 homini
1992 4277 2137 4314 novo
2186 4260 2591 4329 exprobrantur
2638 4262 2791 4330 (Hor.

450 4346 565 4401 Sat.
605 4348 646 4416 I,
686 4355 734 4417 6,
761 4350 851 4418 38)

907 4438 1104 4506 „Tune
1141 4438 1275 4509 Syri
1310 4437 1526 4491 Damae
1563 4445 1664 4493 aut
1699 4439 1944 4508 Dionysi
1977 4440 2129 4505 filius
2164 4440 2332 4492 audes

909 4529 1136 4583 Deicere
1174 4529 1238 4582 de
1273 4544 1408 4582 sacco
1443 4528 1582 4582 cives
1617 4534 1718 4582 aut
1756 4528 1969 4582 tradere
2010 4527 2211 4582 Cadmo
2221 4528 2286 4582 ‚9“
