3309 5167
1370 407 1813 472 ...m-

424 590 584 655 quae
647 571 890 637 tradita
946 574 1098 634 sunt
1153 568 1230 632 de
1287 566 1464 631 exilii
1509 567 1591 631 ab
1644 566 2017 632 hominibus
2073 564 2434 631 sustinendi
2488 566 2756 631 ratione.

419 676 692 741 Initium
754 672 958 762 igitur
1021 675 1383 741 faciendum
1435 673 1624 738 nobis
1682 679 1783 739 est
1837 696 1876 739 a
1930 672 2311 759 Stilpone‚
2376 696 2567 758 quem
2620 672 2761 756 τὴν

421 782 814 850 ἀπάθειαν
879 782 1188 868 sapientis
1253 782 1616 867 professum
1686 803 1824 846 esse
1880 781 2010 845 iam
2070 803 2267 866 supra
2322 780 2760 867 cognovimus&

420 890 516 954 ita
577 895 651 955 ut
717 890 978 955 omnino
1047 911 1181 954 non
1246 887 1486 953 sentiat
1548 886 1655 951 hic
1721 910 1883 972 quae
1946 886 2075 952 sibi
2138 885 2447 953 accidant.
2553 887 2760 964 Quam

420 996 740 1063 rationem
782 996 1074 1083 quamvis
1121 996 1448 1061 interdum
1485 993 1711 1080 Cynici
1757 1000 1950 1080 atque
1991 992 2195 1060 Stoici
2231 992 2436 1060 secuti
2474 994 2627 1059 sint'
2653 991 2759 1082 (cf.-

419 1102 637 1168 Hense
681 1104 967 1190 prolegg.
1004 1106 1064 1189 p.
1102 1100 1268 1190 XL),
1311 1107 1531 1168 tamen
1576 1090 1721 1186 ipsi'
1752 1100 1977 1186 Cynici
2024 1102 2297 1188 docent,
2325 1123 2459 1166 non
2502 1102 2762 1186 negle-

423 1210 705 1295 gendas
735 1234 874 1276 esse
902 1232 1005 1276 res
1035 1215 1348 1295 externas,
1386 1210 1498 1274 sed
1536 1210 2039 1295 superandae,
2079 1196 2427 1275 secundum
2457 1213 2761 1274 veteres

423 1315 699 1402 Cynicos
747 1322 821 1383 ut
876 1323 1474 1403 contemnamuS‚
1531 1316 1882 1382 secundum
1932 1316 2406 1382 recentiores
2454 1321 2528 1381 ut
2571 1306 2761 1381 nobis

420 1422 567 1489 illas
625 1424 1202 1511 subiungamus:
1253 1424 1454 1489 habes
1511 1422 1715 1509 igitur
1758 1424 1829 1488 in
1870 1424 1974 1488 his
2020 1424 2192 1488 idem
2236 1423 2407 1488 inter
2451 1428 2763 1507 utrosque

422 1531 766 1598 discrimen
812 1534 983 1618 quod
1028 1532 1100 1597 in
1145 1532 1444 1597 omnibus
1492 1531 1624 1596 fere
1674 1527 2031 1617 sententii8‚
2078 1532 2269 1617 quale
2308 1536 2407 1596 est
2444 1531 2616 1596 inter
2652 1549 2761 1596 eos

422 1638 534 1723 qui
605 1662 801 1703 unam
864 1639 1185 1705 rationem
1249 1638 1627 1704 adhibentes
1694 1638 1971 1724 sapienti
2035 1642 2377 1723 praecepta
2438 1639 2595 1704 dant
2607 1691 2624 1724 ,
2699 1643 2765 1703 et

422 1746 536 1831 qui
591 1770 781 1811 usum
844 1746 1260 1831 respicientes
1326 1750 1671 1832 praecepta
1723 1744 2003 1811 hominis
2058 1749 2329 1809 naturae
2385 1746 2763 1831 adaequant.

420 1854 591 1918 Illud
644 1851 850 1939 igitur
903 1854 1101 1929 etiam
1159 1852 1384 1919 Crates
1441 1854 1652 1939 docet,
1712 1876 1858 1918 cum
1912 1876 2008 1937 ap.
2048 1848 2179 1917 Tel.
2227 1876 2286 1938 p.
2326 1854 2431 1938 28,
2468 1854 2508 1917 9
2564 1852 2765 1917 dicat:

421 1961 586 2028 ἀλλὰ
641 1960 752 2028 καὶ
806 1968 1097 2047 πλῆρες
1151 1962 1232 2028 ὃν
1287 1962 1447 2027 αὐτὸ
1495 1958 1599 2048 (τὸ
1654 1962 2040 2046 φασκώλιον
2085 1958 2251 2048 scil.)
2299 1960 2545 2036 οὕτως
2590 1962 2766 2038 ὄψει

419 2067 529 2134 καὶ
584 2070 1070 2154 κενούμενον
1129 2070 1296 2134 ἰδὼν
1351 2069 1494 2134 οὐκ
1547 2068 1928 2153 ὀδυνήσῃ,
1986 2068 2112 2133 hoc
2165 2066 2314 2153 Bi0‚
2372 2066 2485 2151 qui
2538 2065 2609 2131 in
2662 2066 2765 2131 his

422 2177 498 2240 de
565 2175 935 2262 Cyrenaicis
1009 2176 1245 2260 pendet
1313 2173 1418 2263 (cf.
1466 2175 1684 2240 Hense
1733 2199 1791 2261 p.
1840 2174 2055 2240 LXIV
2075 2174 2231 2263 sq),
2304 2196 2452 2239 cum
2526 2172 2769 2239 scribat

424 2282 551 2371 (ap.
582 2274 712 2348 Tel.
744 2307 803 2368 p.
835 2286 894 2369 3,
925 2282 1183 2372 8sqq.):
1231 2287 1314 2349 σὺ
1350 2282 1724 2370 κέχρησαι
1761 2294 1929 2360 τοῖς
1965 2285 2290 2360 πολλοῖς
2324 2287 2603 2365 καλῶς,
2642 2280 2769 2365 ἐγὼ

422 2388 498 2455 δὲ
551 2404 724 2469 τοῖς
778 2392 1099 2475 ὀλίγοις·
1165 2388 1248 2456 οὐ
1300 2391 1427 2476 γὰρ
1486 2391 1566 2456 τὰ
1620 2396 1981 2474 πολυτελῆ,
2045 2392 2245 2485 φησί,
2296 2392 2556 2475 τρέφει,
2611 2384 2770 2453 οὐδὲ

424 2497 700 2576 ἐκείνοις
745 2495 869 2584 μὲν
917 2501 1052 2563 ἔστι
1097 2496 1241 2583 μετ’
1289 2498 1600 2583 ἀφελείας
1615 2495 1665 2585 ¹)
1702 2504 2025 2584 χρῆσθαι,
2070 2508 2212 2574 τοῖς
2248 2492 2333 2561 δὲ
2362 2496 2614 2579 ὀλίγοις
2656 2492 2769 2560 καὶ

425 2605 715 2672 εὐτελέσι
761 2606 920 2691 μετὰ
968 2606 1408 2691 σωφροσύνης
1453 2602 1576 2671 οὐκ
1625 2606 1762 2671 ἔστι
1802 2602 1914 2671 καὶ
1951 2604 2253 2689 ἀτυφίας.
2338 2602 2459 2669 cm·
2496 2602 2768 2667 adiciam

574 2852 626 2921 1)
663 2852 936 2922 ὠφελείας
980 2852 1168 2919 codd.;
1216 2868 1344 2906 cum
1389 2850 1539 2906 enim
1586 2850 1971 2905 demonstrare
2014 2850 2180 2922 velit,
2228 2852 2286 2905 et
2330 2850 2554 2921 magnis
2592 2854 2772 2913 καλῶς

332 2942 354 2955 ’
427 2944 674 3011 χρῆσθαι
713 2940 958 3009 aliquem
991 2957 1156 3010 posse
1195 2943 1253 2995 et
1285 2940 1503 3010 parvis,
1543 2943 1713 3009 atque
1751 2957 1877 2995 cum
1911 2941 2018 2995 hoc
2057 2939 2141 2994 ita
2178 2939 2479 3010 significet,
2516 2941 2581 2993 ut
2617 2938 2775 2994 haud

426 3032 578 3085 recte
623 3028 822 3100 negari
860 3028 1039 3099 dicat,
1086 3029 1224 3099 μετὰ
1262 3028 1624 3101 σωφροσύνης
1660 3029 1756 3083 καὶ
1793 3030 2039 3099 ἀτυφίας
2074 3028 2156 3083 eis
2190 3046 2294 3083 nos
2331 3030 2416 3083 uti
2451 3044 2641 3099 posse,
2690 3047 2772 3084 se·

427 3119 619 3189 quitur
639 3151 706 3159 —
727 3120 792 3172 ut
817 3118 963 3172 illud
991 3118 1252 3173 similiter
1275 3119 1345 3173 de
1362 3136 1515 3174 more
1533 3118 1727 3173 Bionis
1749 3119 1969 3173 dicatur
1987 3150 2054 3159 —
2072 3119 2132 3173 in
2151 3136 2286 3175 voce
2306 3120 2579 3189 ὠφελείας
2595 3120 2775 3176 latere

427 3209 672 3265 notionis
721 3208 972 3263 eiusdem
1012 3209 1272 3264 verbum:
1320 3210 1492 3277 atque
1526 3208 1686 3263 nulla
1722 3209 1841 3263 fere
1878 3208 2195 3265 litterarum
2230 3208 2546 3265 mutatione
2581 3209 2785 3264 induci-

426 3301 614 3369 potest
669 3300 907 3368 ἀφελεία
963 3297 1201 3368 (ἀφελής
1244 3297 1452 3367 legitur
1497 3314 1585 3367 ap.
1624 3298 1741 3353 Tel.
1779 3290 1958 3368 p.'29‚
1998 3303 2090 3366 103
2131 3305 2215 3366 30,
2254 3301 2327 3368 9).
2421 3298 2772 3368 Σωφροσύνη

427 3386 489 3441 in
525 3387 702 3442 altero
742 3387 892 3441 dicto
929 3385 1123 3440 Bionis
1160 3386 1333 3455 redit,
1382 3386 1534 3456 quod.
1571 3386 1943 3457 depravatum
1978 3386 2223 3441 traditur
2258 3387 2319 3441 in
2355 3386 2550 3443 Gnom.
2588 3386 2772 3443 Vatic.

431 3477 516 3531 ed.
555 3477 768 3532 Sternb.
810 3478 1018 3547 (Wien.
1055 3478 1196 3532 stud.
1237 3476 1306 3545 X)
1345 3495 1398 3531 n.
1443 3482 1568 3531 1622
1619 3475 1725 3545 τὴν
1762 3475 1864 3547 μὲν
1903 3478 2179 3548 φρόνησιν
2226 3474 2335 3551 ἔφη
2382 3477 2774 3531 παντοπώλιον

432 3563 579 3621 εἶναι
633 3574 741 3619 τῶν
797 3566 1060 3635 ἀγαθῶν,
1124 3564 1227 3635 τὴν
1287 3564 1350 3619 δὲ
1408 3565 1777 3635 σωφροσύνην
1834 3568 2201 3638 στρατουρίαν
2257 3598 2325 3606 -
2373 3567 2775 3636 στρατουργίαν

433 3654 656 3723 scripsit
711 3654 1045 3723 Sternbach‚
1110 3671 1220 3722 quo
1284 3654 1422 3723 quid
1487 3653 1794 3724 significari
1857 3655 2101 3710 voluerit
2163 3655 2378 3710 nescire
2432 3672 2521 3709 me
2577 3655 2773 3710 fateor.

429 3742 774 3813 Expectatur
808 3760 941 3812 vox,
981 3760 1094 3812 qua
1130 3743 1374 3821 similem
1409 3761 1510 3813 per
1545 3743 1853 3815 imaginem
1891 3745 2193 3800 definiatur
2228 3744 2264 3813 ἡ
2302 3742 2635 3815 σωφροσύνη
2673 3743 2773 3813 ita,

429 3834 496 3886 ut
532 3830 700 3886 simul
737 3848 862 3886 eam
899 3849 1020 3886 esse
1056 3832 1287 3887 minoris
1327 3850 1497 3903 quam
1533 3832 1635 3902 τὴν
1666 3833 1941 3905 φρόνησιν
1978 3833 2273 3902 indicetur,
2314 3850 2485 3903 quam
2510 3840 2776 3887 τοσοῦτον

430 3919 728 3993 διαφέρειν
749 3930 858 3976 τῶν
883 3922 1061 3975 ἄλλων
1081 3923 1311 3993 ἀρετῶν,
1333 3920 1463 3977 ὅσον
1483 3921 1586 3992 τὴν
1606 3921 1803 3994 ὅρασιν
1821 3931 1932 3977 τῶν
1952 3922 2132 3977 ἄλλων
2152 3920 2473 3990 αἰσθήσεων
2493 3920 2776 3977 censuisse

429 4012 666 4066 Bionem
691 4010 870 4065 tradit
896 4011 1080 4067 Laert.
1099 4010 1262 4082 Diog.
1284 4012 1377 4080 IV,
1401 4018 1483 4067 51.
1540 4012 1717 4081 Atqui
1753 4012 2023 4067 tabernae
2061 4012 2475 4081 quodammodo
2515 4009 2777 4081 opposita

431 4103 520 4157 est
542 4101 783 4171 officina,
815 4102 880 4154 ut
899 4100 1142 4155 conicias
1162 4118 1263 4170 pro
1285 4102 1750 4156 ΕΤΡΑΤΟΥΡΙΑΝ
1774 4100 2129 4155 scribendum
2148 4118 2269 4156 esse
2290 4100 2775 4156 ΕΡΓΑΕΤΗΡΙΟΝ.

431 4191 590 4247 Dixit
617 4190 792 4262 igitur
819 4191 1059 4245 fortasse
1086 4190 1503 4259 Borysthenita‚
1542 4191 1742 4245 eadem
1777 4193 1835 4245 te
1872 4190 2174 4260 prudentia
2200 4192 2475 4259 tanquam
2510 4206 2541 4244 e
2568 4208 2778 4244 παντο-

432 4282 616 4354 πωλίῳ
671 4279 839 4334 facile
897 4278 1064 4332 simul
1119 4296 1444 4348 comparare
1499 4278 1668 4333 licere
1682 4322 1695 4348 ,
1758 4295 1903 4348 quae
1956 4278 2335 4350 temperantia
2388 4281 2663 4348 tanquam
2717 4278 2778 4332 in

437 4364 772 4443 ἐργαστηρίῳ
819 4368 1044 4439 singula
1091 4366 1284 4422 labore
1326 4367 1434 4421 tibi
1481 4366 1803 4436 quaerenda
1842 4366 1956 4421 sint
1992 4400 2058 4407 —
2098 4384 2442 4436 quamquam
2478 4384 2596 4421 rem
2642 4384 2781 4425 sane

434 4458 708 4513 lubricam
762 4474 882 4513 esse
940 4458 1120 4513 sentio
1134 4502 1148 4528 ‚
1203 4456 1504 4512 frustulam
1549 4456 1726 4511 talem
1771 4474 1801 4511 e
1849 4456 2252 4512 sententiarum
2298 4473 2445 4511 nexu
2494 4458 2779 4511 exsectam

437 4550 750 4605 emendare.
2576 4546 2580 4551 ’

2278 4636 2349 4689 5*
