3309 5167
1461 355 1891 419 ,30-

504 514 616 581 καὶ
653 518 1080 601 ’μεμαθήκασι
1125 512 1638 601 διαλεγομένων·
1684 516 1900 580 πόθεν
1934 538 2009 598 γε
2048 514 2129 598 δὴ
2165 522 2387 581 καλῶν
2420 513 2531 580 καὶ
2568 514 2845 599 ἀγαθῶν

509 622 918 710 ἀνθρώπων;
935 620 982 710 ¹)
1035 620 1252 706 Atque
1309 621 1366 685 si
1411 620 1773 685 accuratius
1818 621 2233 707 inquirimus,
2289 644 2417 706 qua
2469 622 2723 685 ratione.
2774 642 2849 685 ac

508 708 624 794 Via.
661 729 992 814 Stilponea
1045 728 1174 793 illis
1231 728 1388 793 locis
1442 732 1694 793 mutata
1738 727 1895 813 sint,
1950 727 2373 813 intelligimus
2385 780 2401 811 ,
2456 728 2548 792 eis
2594 727 2667 791 in
2709 726 2847 791 uni-

509 860 768 902 versum
813 835 1020 921 magis
1051 834 1319 899 -varium
1358 856 1719 921 sermonem
1756 834 2056 899 indutum
2094 839 2288 919 atque
2324 836 2624 920 parvulas
2663 856 2849 919 quas-

511 938 660 1005 dam
704 941 970 1007 facetias
1009 940 1425 1026 interpositas
1465 964 1620 1027 esse,
1668 942 1848 1007 velut
1884 964 2001 1026 pro
2040 964 2169 1007 uno
2206 947 2495 1008 metoeco
2536 940 2847 1026 Stilponis

511 1049 706 1114 series
755 1049 1070 1135 quaedam
1114 1048 1352 1114 iniuria
1397 1073 1435 1114 a
1481 1048 1701 1114 stultis
1752 1048 2246 1136 obiurgatorum
2282 1050 2625 1135 inducitur,
2670 1048 2872 1115 velut

509 1178 628 1240 pro
683 1178 812 1221 uno
869 1156 983 1221 illo
1029 1157 1512 1242 κατορύττομεν
1567 1159 1877 1241 quattuor
1933 1158 2344 1222 cumulantur
2397 1158 2619 1242 verba,
2672 1156 2851 1222 velut

509 1264 802 1348 exempla
836 1263 952 1329 illa
981 1260 1207 1327 Cadmi
1239 1266 1308 1327 et
1344 1262 1644 1327 Herculis
1680 1262 2165 1329 narratiuncula
2199 1264 2313 1330 illa
2350 1265 2427 1330 de
2457 1263 2848 1329 Antisthene

510 1374 918 1437 exornantur.
991 1370 1130 1435 Iam
1169 1370 1408 1435 senties
1446 1371 1675 1455 opinor
1714 1393 1843 1457 quo
1880 1372 2165 1435 tendam:
2212 1370 2437 1436 Bionis
2477 1371 2648 1436 enim
2684 1372 2851 1436 hanc

511 1475 992 1561 Stilponeorum
1019 1476 1446 1564 mutationem
1473 1500 1613 1543 esse
1643 1478 1941 1565 arbitror,
1981 1478 2217 1564 quippe
2248 1478 2361 1563 qui
2386 1478 2562 1543 illius
2593 1502 2849 1544 severae
2929 1490 2938 1501 ‘

507 1584 956 1670 philosophiae
999 1606 1238 1651 novam
1293 1590 1359 1651 et
1401 1585 1699 1651 floridam
1752 1591 2003 1652 vestem
2042 1585 2341 1651 induerit.
2433 1586 2852 1652 Plutarchum

509 1696 728 1757 autem
797 1692 1015 1777 ipsum
1043 1716 1146 1759 ,ea
1207 1697 1491 1775 mutasse
1547 1697 1891 1778 propterea
1951 1694 2090 1759 veri
2144 1692 2457 1759 dissimile
2510 1699 2636 1779 est,
2702 1693 2855 1778 quia

509 1821 657 1863 eum
714 1798 1076 1884 Stilponem
1135 1798 1492 1883 inspexisse
1545 1801 1799 1866 nullum
1853 1806 1955 1867 est
2008 1799 2345 1887 indicium,
2410 1822 2556 1866 cum
2609 1800 2854 1867 Bionea

507 1906 682 1972 haud
735 1930 882 1973 raro
939 1907 1074 1973 suis
1131 1906 1620 1991 interposuerit:
1680 1931 1887 1993 neque
1944 1908 2117 1973 enim
2172 1908 2380 1973 multo
2435 1907 2605 1972 infra
2660 1908 2850 1973 certis

509 2014 908 2103 argumentis
955 2015 1430 2101 demonstrabo,
1475 2038 1592 2100 per
1637 2038 1940 2103 magnam
1984 2020 2237 2101 partem
2282 2014 2487 2101 ipsius
2534 2037 2599 2081 π.
2636 2022 2855 2101 φυγῆς

509 2122 823 2189 sermonis
870 2121 1094 2187 Bionis
1141 2122 1417 2208 vestigia
1460 2124 1773 2208 pressisse
1818 2123 2259 2189 Plutarchum.

565 2287 570 2291 .
687 2230 862 2307 Quae
921 2228 1137 2294 omnia
1194 2229 1251 2295 si
1304 2234 1548 2329 tecum·
1581 2230 1981 2315 reputaveris
2032 2269 2115 2279 —
2162 2236 2229 2296 et
2293 2230 2466 2316 quod
2520 2228 2855 2315 Stilponea

507 2336 729 2421 paucis
776 2342 1033 2403 tantum
1068 2336 1362 2403 versibus
1409 2342 1769 2423 propagata
1814 2343 1983 2423 sunt,
2030 2342 2097 2403 et
2144 2338 2316 2423 quod
2352 2337 2597 2403 Bionea
2638 2338 2855 2403 omnia

508 2445 611 2509 vel
657 2444 1044 2529 compluries
1091 2450 1462 2531 occurrunt,
1520 2445 1694 2530 quod
1744 2445 2017 2531 denique
2064 2445 2452 2531 quibusdam
2494 2445 2655 2511 locis
2705 2444 2854 2510 Stil-

508 2550 732 2636 poneis
769 2552 1058 2636 ipsorum
1084 2550 1310 2617 Bionis
1348 2552 1841 2617 retractationes
1882 2553 2121 2637 opponi
2149 2559 2424 2637 possunt
2438 2590 2535 2610 .-
2564 2553 2695 2618 iam
2722 2574 2855 2618 non

511 2658 860 2744 dubitabis,
903 2664 1083 2745 put0,
1131 2658 1289 2744 quin
1329 2663 1396 2724 et
1432 2658 1648 2744 ipsum
1688 2658 2051 2744 Stilponem
2089 2659 2321 2745 legerit
2356 2660 2541 2725 Teles
2578 2682 2851 2746 eumque

509 2766 580 2831 in
624 2789 814 2831 usum
857 2789 1045 2831 suum
1083 2766 1497 2851 converterit,
1545 2771 1612 2831 et
1658 2766 1849 2832 simul
1889 2766 2017 2832 alia
2056 2766 2389 2851 Stilponea
2432 2791 2548 2853 per
2582 2768 2855 2834 Bionem

512 2873 841 2958 receperit.
935 2873 1113 2949 Quae⁴
1157 2872 1214 2937 si
1270 2895 1402 2938 non
1457 2872 1551 2938 ita
1605 2879 1823 2939 essent
1878 2874 2142 2952 omnino
2186 2897 2319 2939 non
2364 2875 2854 2963 intelligeretur,
2908 2926 2911 2929 -

511 2981 832 3065 quomodo
879 2980 1060 3045 illam
1105 2978 1256 3065 περὶ
1293 2989 1414 3046 τοῦ
1452 2982 1679 3046 δοκεῖν
1711 2978 1823 3048 καὶ
1859 2990 1980 3046 τοῦ
2028 2976 2199 3048 εἶναι
2245 2983 2852 3049 commentationem

509 3089 707 3154 talem
753 3071 1190 3173 composuerit
1235 3088 1447 3173 TeleS,
1497 3087 1707 3173 qualis
1751 3110 1927 3153 nunc
1967 3088 2222 3175 legitur.

688 3194 887 3261 Cuius
950 3196 1232 3280 priorem
1294 3199 1547 3280 partem
1603 3194 1918 3280 Stilponis
1983 3219 2122 3261 esse
2179 3197 2595 3283 cognovimus
2660 3198 2852 3283 atque

512 3303 729 3368 omnia
781 3302 1024 3388 optime
1080 3302 1251 3367 inter
1305 3325 1373 3367 se
1431 3301 1797 3388 cohaerere3
1862 3303 2093 3369 melius
2151 3305 2323 3369 enim
2378 3328 2543 3391 esse,
2607 3305 2853 3369 iustum

511 3414 676 3496 esse,
734 3433 929 3495 quam
986 3410 1232 3475 iustum
1276 3409 1479 3476 videri
1533 3410 1627 3476 ita
1669 3412 2180 3478 demonstratur:
2236 3435 2382 3477 cum
2428 3412 2645 3477 omnia
2690 3414 2851 3479 bene

509 3517 750 3582 faciant
807 3518 1128 3603 homines,
1194 3522 1538 3602 propterea
1599 3520 1773 3604 quod
1836 3520 1991 3584 boni
2048 3519 2203 3605 sint,
2266 3542 2400 3585 non
2463 3521 2635 3605 quod
2699 3521 2855 3587 boni

511 3630 654 3690 es'se·
676 3622 1042 3711 -videantur,
1091 3648 1362 3711 cumque
1399 3626 1628 3692 melius
1678 3626 1767 3692 sit
1802 3649 1920 3711 per
1956 3628 2128 3713 quod
2174 3627 2337 3692 bene
2372 3628 2613 3715 vivant,
2661 3652 2856 3714 quam

508 3754 625 3817 per
661 3732 833 3817 quod
871 3732 1037 3797 male
1075 3730 1196 3820 (δι’
1241 3733 1277 3798 ὃ
1317 3731 1374 3798 δ’
1413 3728 1488 3799 εὖ
1525 3737 1749 3818 βιοῦσι
1785 3746 2114 3822 κρεῖττον,
2159 3733 2200 3817 ἢ
2238 3732 2327 3799 δι’
2362 3735 2399 3801 ὃ
2437 3734 2578 3824 μή),
2625 3738 2855 3802 melius

512 3860 770 3923 quoque
819 3850 983 3925 esse,
1030 3840 1273 3905 bonum
1319 3862 1457 3905 esse
1505 3862 1701 3925 quam
1745 3842 2005 3914 bonum>
2033 3841 2262 3927 videri,
2310 3847 2505 3929 atque
2552 3866 2698 3907 cum
2743 3842 2853 3926 qui

509 3946 598 4011 sit
652 3945 864 4011 iustus
919 3947 1126 4012 bonus
1185 3946 1297 4033 sit,
1360 3968 1492 4013 non
1547 3948 1661 4034 qui
1713 3948 2035 4035 videatur,
2097 3950 2347 4014 iustum
2406 3972 2657 4035 quoquc
2714 3968 2852 4012 esse

509 4054 740 4119 melius
797 4074 938 4119 esse
993 4076 1187 4139 quam
1242 4054 1460 4120 videri.
1476 4052 1528 4137 ²)
1617 4055 1785 4120 Tum
1838 4055 2010 4121 idem
2066 4057 2193 4123 alio
2258 4058 2447 4123 modo
2513 4054 2850 4120 evincitur:

653 4235 705 4303 1)
727 4233 1018 4295 Μονσικός
1043 4252 1101 4287 τε
1130 4232 1227 4286 καὶ
1246 4231 1624 4303 γραμματικός
1649 4231 1711 4285 in
1730 4231 2100 4289 similitudine
2120 4234 2347 4289 affertur
2367 4248 2402 4285 a
2419 4229 2848 4307 Plutaaefflvft.

510 4337 554 4375 c.
587 4325 680 4389 153
727 4322 791 4376 de
828 4322 977 4391 prof.
1015 4324 1079 4376 in
1121 4323 1246 4377 virt.
1297 4338 1342 4377 c.
1374 4327 1431 4392 13
1475 4320 1713 4375 virtutes
1762 4320 1975 4375 eisdem
2019 4323 2135 4377 fere
2179 4319 2364 4376 verbis
2408 4316 2851 4390 perfectissimae

511 4408 716 4463 artium
749 4410 1111 4465 nominantur
1145 4430 1203 4467 π.
1232 4410 1398 4481 τύχης
1435 4428 1479 4465 c.
1511 4415 1568 4479 53
1605 4410 1845 4467 Demetr.
1875 4428 1921 4465 c.
1955 4418 2000 4467 1.
2676 4472 2683 4481 ,

651 4501 708 4569 2)
743 4500 899 4553 Haec
945 4502 1194 4555 extrema
1238 4500 1386 4555 male
1431 4498 1632 4554 habita
1678 4500 1750 4554 ab
1798 4500 2191 4571 epitomatore3
2240 4516 2433 4555 sensus
2480 4496 2683 4555 dubius
2730 4514 2853 4556 esse
