3309 5167
1431 387 1857 451 ...2γὰ

476 550 822 633 scriptores
874 546 1250 615 recentioris
1297 546 1557 633 aetatis,
1606 570 1881 632 quarum
1924 546 2132 611 altera
2178 546 2675 633 demonstratur,
2722 548 2815 613 ita

475 680 649 742 eum,
696 658 808 743 qui
853 680 933 722 ex
977 657 1105 721 alio
1153 657 1390 741 oppido
1438 656 1508 721 in
1553 655 1729 720 aliud
1770 654 2347 740 transmigraverit,
2393 655 2555 719 bene
2581 654 2819 721 -vivere

473 788 683 850 posse,
731 770 804 830 ut
842 785 920 829 ex
965 764 1094 829 alia
1133 764 1282 829 navi
1321 764 1390 828 in
1427 762 1621 828 aliam
1660 762 1771 847 qui
1808 761 2279 827 transcenderit
2315 762 2477 827 bene
2512 762 2818 847 navigare

474 872 684 957 possit
712 870 799 959 (p.
829 875 927 957 17,
953 868 1242 958 10-12),
1282 872 1486 936 altera
1515 870 1875 955 exponitur,
1913 892 2045 935 non
2070 869 2280 955 magis
2314 868 2385 935 in
2411 869 2625 953 patria
2651 871 2823 934 mala
2902 922 2904 924 .

479 980 936 1046 remanendum
980 980 1168 1044 nobis
1217 1000 1354 1043 esse
1401 1001 1545 1043 eam
1591 978 1803 1043 solum
1851 977 1934 1042 ob
1983 998 2265 1061 causam,
2324 976 2496 1061 quod
2542 975 2637 1041 ibi
2680 977 2819 1041 nati

476 1087 677 1151 simus
686 1139 703 1172 ,
771 1110 964 1171 quam
1027 1087 1487 1152 remanendum
1541 1108 1682 1152 esse
1737 1085 1808 1150 in
1862 1086 2053 1150 domo
2107 1084 2323 1149 ruenti
2378 1089 2491 1148 aut
2547 1084 2613 1148 in
2668 1085 2818 1150 navi

476 1192 850 1277 dehiscenti,
895 1197 1240 1277 propterea
1287 1194 1459 1278 quod
1496 1192 1590 1258 ibi
1625 1192 1765 1257 nati
1806 1191 2007 1256 simus
2048 1188 2135 1279 (p.
2172 1190 2269 1275 19,
2300 1188 2519 1278 2-8).
2594 1190 2819 1257 Priore

473 1300 615 1365 loco
671 1303 946 1365 utuntur
1004 1323 1148 1365 cum
1192 1298 1506 1363 Horatius
1564 1296 1675 1383 (de
1722 1320 1851 1384 quo
1905 1297 1973 1363 in
2021 1297 2393 1363 universum
2441 1298 2515 1363 cf.
2564 1298 2819 1364 Heinzii

470 1408 543 1473 de
595 1408 866 1473 Horatio
923 1408 1166 1474 Bionis·
1208 1408 1518 1473 imitatore
1581 1402 2131 1492 dissertationem)
2178 1426 2342 1470 -oum
2408 1405 2485 1470 de
2540 1428 2819 1491 paupere

474 1512 646 1579 dicat
695 1512 816 1601 (ep.
855 1515 904 1601 I,
947 1518 1004 1599 1,
1033 1512 1176 1603 92):
1231 1516 1522 1581 conducto
1569 1510 1814 1597 naviyio
1860 1534 2048 1595 aeque
2094 1514 2378 1577 Nau-seat
2425 1534 2500 1579 ae
2544 1515 2822 1597 loeupleS,

473 1642 650 1703 quem
685 1624 854 1687 ducit
876 1624 1072 1705 priva
1107 1624 1378 1687 triremis
1415 1626 1482 1685 et
1517 1621 1595 1685 de
1634 1644 1703 1685 se
1739 1620 1883 1705 ipso
1914 1618 2037 1708 (ep.
2060 1620 2142 1705 H,
2164 1622 2223 1705 2,
2250 1617 2432 1707 199):
2480 1640 2583 1704 eqo
2609 1627 2821 1687 utrum

473 1728 649 1793 Nave
699 1730 875 1810 ferar
927 1751 1160 1813 mayna
1213 1751 1300 1794 cm
1341 1750 1575 1813 parva,
1631 1730 1809 1809 ferar
1860 1748 2025 1793 unus
2077 1732 2137 1791 et
2188 1728 2376 1807 idem,
2428 1732 2571 1793 tum
2624 1764 2699 1777 --
2750 1730 2819 1794 in

474 1837 698 1901 eodem
743 1836 876 1901 fere
925 1836 1391 1902 sententiarum
1434 1858 1622 1920 nexu,
1670 1839 1863 1919 atque
1900 1834 2215 1898 Horatius
2261 1834 2477 1919 priore
2522 1836 2637 1901 illo
2674 1837 2816 1902 loco

479 1982 552 1991 --
605 1944 992 2009 Plutarchus
1046 1966 1112 2010 π.
1156 1944 1394 2028 εὐθυμ.
1433 1946 1502 2009 3:
1565 1948 1640 2007 ut
1697 1941 1863 2007 1111111
1918 1942 2181 2027 referat,
2246 1940 2365 2008 ἐὰν
2420 1945 2517 2020 εἰς
2570 1950 2822 2027 γαῦλον

473 2050 538 2129 ἐξ
569 2050 831 2116 ἀκάτου
884 2049 994 2116 καὶ
1048 2052 1250 2117 πάλιν
1297 2053 1392 2129 εἰς
1437 2052 1671 2136 τριήρη
1718 2053 2089 2135 μεταβῶσιν
2134 2054 2549 2134 nauseantes,
2605 2051 2701 2115 ita
2752 2050 2821 2115 in

471 2157 608 2229 vita
662 2154 1131 2223 mutationibus
1185 2158 1354 2223 nihil
1415 2158 1711 2223 homines
1754 2149 2093 2241 proficere.
2112 2156 2159 2242 ¹)
2251 2156 2563 2222 Alteram
2598 2158 2822 2223 simili-

473 2265 765 2351 tudinem
819 2264 1071 2330 duobus
1131 2264 1406 2330 Senecae
1470 2264 1630 2329 locis
1686 2264 2075 2349 invenimus,
2142 2262 2377 2349 quibus
2438 2264 2637 2329 etiam
2694 2266 2821 2330 duo

474 2372 588 2437 illa
622 2410 710 2419 —
749 2371 976 2437 domus
1034 2377 1100 2437 et
1151 2372 1334 2438 navis
1380 2411 1454 2419 ——
1497 2372 1669 2437 inter
1723 2394 1791 2437 se
1840 2370 2181 2436 coniuncta
2226 2376 2394 2436 sunt.
2467 2371 2596 2456 Ep.
2638 2373 2739 2457 30,
2778 2375 2821 2437 2

474 2478 646 2543 enim
701 2478 961 2544 disserit
1017 2478 1282 2565 Seneca,
1338 2480 1416 2545 de
1472 2483 1680 2547 morte
1734 2478 1934 2544 verba
1978 2478 2247 2565 faciens,
2302 2484 2378 2544 ut
2425 2479 2601 2565 navi,
2659 2502 2820 2564 quae

476 2586 795 2651 sentinam
850 2586 1091 2672 trahat,
1147 2588 1554 2672 aliquantum
1607 2610 1723 2672 per
1776 2592 2032 2672 tempus
2088 2587 2376 2653 succurri
2429 2587 2663 2672 possit,
2729 2586 2823 2651 ita

475 2696 546 2759 in
606 2694 788 2759 senili
857 2714 1102 2777 corpore
1159 2696 1551 2779 aliquatenus
1613 2692 2085 2786 imbecillitatem
2136 2696 2433 2761 sustineri
2492 2695 2549 2760 et
2604 2695 2822 2777 fulciri

467 2819 647 2881 posse
657 2796 708 2887 2)
722 2821 744 2863 .·
788 2800 894 2866 ubi
930 2806 1134 2867 tamen
1167 2808 1240 2867 ut
1271 2804 1342 2867 in
1375 2803 1558 2885 putri
1601 2803 1880 2884 aedificio
1926 2803 2139 2867 omnia
2180 2803 2519 2879 sobvantsar,
2565 2802 2821 2867 eircum-

477 2906 856 2988 spieiendum
907 2928 1057 2993 esse,
1115 2910 1410 2991 quomodo
1463 2928 1659 2973 exeas,
1730 2908 1861 2992 Ep.
1892 2910 1995 2993 70,
2028 2912 2105 2974 11
2166 2930 2318 2974 vero
2383 2908 2543 2974 satis
2602 2907 2823 2973 tenuia

477 3012 670 3078 huius
709 3012 1150 3079 similitudinis
1181 3015 1457 3101 vestigia
1484 3015 1927 3080 inveniuntur:
1962 3015 2057 3101 „si
2094 3016 2226 3081 iam
2262 3016 2665 3082 moriendum
2703 3020 2819 3102 est,

476 3144 589 3185 cur
633 3142 767 3185 non
812 3144 1075 3187 manum
1120 3120 1243 3186 tibi
1286 3122 1423 3208 ipse
1462 3122 1748 3189 inferas?
1794 3125 2306 3207 quemadmodum
2341 3146 2559 3189 navem
2595 3125 2821 3207 eliyam

475 3228 909 3311 naviyaturuS‚
954 3233 1013 3294 et
1054 3230 1302 3295 domum
1345 3230 1765 3315 habitaturae,
1806 3223 1901 3296 ‘sie
1944 3236 2198 3297 mortem
2243 3233 2521 3297 exiturus
2565 3253 2596 3297 e
2639 3232 2821 3297 vita.“

621 3460 674 3527 1)
709 3456 800 3511 Ita
844 3459 912 3511 ut
955 3456 1131 3513 animi
1175 3458 1562 3513 condicionem
1605 3457 1919 3514 illustraret
1961 3460 2173 3530 primus
2219 3460 2409 3516 Aristo
2451 3459 2621 3515 Chius
2674 3461 2821 3515 hanc

481 3544 905 3601 similitudinem
945 3547 1271 3603 adhibuisse
1307 3548 1532 3603 videtur
1569 3548 1723 3604 Stob.
1753 3549 1831 3618 Π,
1850 3554 1937 3618 31,
1966 3554 2033 3603 95
2053 3550 2153 3605 W:
2201 3549 2542 3623 κυβερνήτης
2578 3550 2680 3621 μὲν
2718 3545 2820 3605 οὖν
2874 3615 2879 3619 ,

483 3635 609 3689 οὔτε
649 3630 709 3690 ἓν
747 3635 962 3709 μεγάλῳ
998 3638 1173 3709 πλοίῳ
1210 3636 1338 3691 οὔτε
1379 3631 1444 3691 ἒν
1478 3642 1654 3709 μικρῷ
1693 3637 1999 3706 vam-wiva,
2039 3636 2098 3693 οἷ
2130 3636 2189 3692 δ’
2221 3638 2446 3710 ἄπειροι
2484 3634 2545 3693 ἒν
2579 3641 2817 3709 ἀμφοῖν·

483 3722 656 3787 οὕτως
693 3724 854 3793 ἁμὲν
889 3724 1338 3795 πεπαιδευμένος
1373 3743 1419 3781 e.
1441 3744 1493 3795 q.
1518 3744 1587 3783 s.:
1627 3726 1696 3782 cf.
1730 3726 1952 3781 Heinzii
1990 3727 2519 3783 commentationem
2555 3744 2700 3797 quae
2737 3728 2819 3780 in-

481 3811 745 3867 scribitur
772 3812 1001 3868 Aristo‘n
1025 3832 1074 3869 v.
1107 3814 1270 3871 Chios
1305 3816 1390 3870 bei
1417 3816 1687 3871 Plutarch
1715 3834 1769 3873 ιι.
1802 3816 2007 3873 Horae.
2038 3848 2110 3857 -—
2136 3817 2292 3883 Quae
2330 3834 2673 3888 quamquam
2708 3833 2822 3869 una

480 3920 608 3956 cum
634 3899 922 3956 Hensiana
957 3902 1060 3956 illa
1094 3920 1265 3971 quam
1303 3920 1471 3974 supra
1505 3904 1741 3960 laudavi
1776 3904 1989 3975 prodiit
2026 3906 2107 3975 (in
2135 3906 2277 3962 Mus.
2298 3907 2472 3961 Rhen.
2503 3904 2612 3960 vol.
2632 3905 2817 3973 XLV),

476 3994 670 4045 tamen
697 3990 758 4044 in
785 3990 874 4043 his
903 3990 1320 4047 conscribendis
1350 3992 1618 4048 adhibere
1645 3995 1823 4065 potui,
1855 4012 1981 4049 cum
2008 3994 2321 4049 liberaliter
2348 3994 2437 4049 vir
2462 3992 2819 4047 doctissimus

478 4079 619 4134 mihi
654 4079 1022 4150 permitteret,
1060 4082 1124 4135 ut
1159 4097 1284 4135 eam
1319 4076 1647 4153 priusquam
1682 4082 1898 4153 publici
1934 4083 2072 4137 iuris
2100 4086 2259 4139 fieret
2290 4084 2620 4154 inspicerem
2650 4085 2819 4152 atque

476 4186 662 4224 meum
717 4168 777 4222 in
827 4186 990 4222 usum
1037 4172 1438 4228 converterem:
1494 4171 1650 4226 cuius
1700 4171 2070 4226 humanitatis
2116 4172 2290 4227 etiam
2334 4173 2441 4227 hoc
2484 4172 2610 4226 loco
2655 4174 2819 4242 grato

481 4258 668 4313 animo
704 4257 1068 4313 meminerim.
1299 4291 1301 4293 -

623 4350 678 4418 2)
715 4346 1294 4403 Haeo'similitudinis
1323 4366 1454 4419 pars
1483 4349 1691 4420 legitur
1716 4350 1778 4403 in
1803 4350 1949 4405 Plut.
1978 4370 2037 4404 π.
2068 4351 2345 4420 εὐθυμίας
2370 4348 2565 4404 libello
2586 4352 2729 4420 (cap.
2753 4356 2818 4404 17

479 4455 532 4506 p.
561 4439 712 4506 476):
761 4435 859 4491 καὶ
893 4434 1160 4507 πάρεστιν
1198 4438 1602 4507 ἀπονήξασθαι
1637 4446 1736 4492 τοῦ
1776 4440 2025 4508 σώματος
2062 4438 2243 4508 ὥσπερ
2283 4438 2547 4509 ἐφολκίου
2586 4440 2659 4511 μὴ
2700 4437 2821 4496 στέ-

481 4544 700 4596 γοντοςς
737 4525 820 4581 cf.·
842 4524 1054 4581 Heinze
1089 4526 1125 4583 l.
1157 4543 1204 4582 ο.
