3309 5167
1385 411 1811 474 „21—

488 569 746 656 ‘p.·2,.2.
794 567 900 636 ἐπὶ
928 580 1438 655 τῶνψυχικῶν
1480 570 1704 655 πάλιν,
1754 566 1760 653 Ι
1813 566 1921 657 (τὰ
1965 566 2116 655 περὶ
2162 569 2283 652 τὴν
2327 566 2653 656 ψυχήν)

416 690 708 763 φρονεῖν
752 679 1003 763 μᾶλλον
1049 676 1090 761 ἢ
1137 679 1389 756 δοκεῖν,
1812 675 2225 759 εὐλογιστίας
2311 676 2769 762 ὀρθοπραγίας

339 856 342 862 ,
413 786 677 863 ἄλυπος
705 779 876 851 εἶναι
904 788 1158 870 μᾶλλον
1184 782 1225 868 ἢ
1255 785 1507 862 δοκεῖν,
1535 789 1703 870 θαρ-
1813 781 2173 869 εὐπραγίας
2223 782 2264 866 ἡ
2320 784 2502 867 φυγὴ
2558 787 2769 869 στερί-

411 890 658 970 σαλέος
721 886 922 975 εἶναι,
985 894 1241 976 ἄφοβος
1305 885 1506 975 εἶναι,
1569 889 1702 956 ἀν-
1812 906 1979 955 σκει·
1964 886 2045 977 ,1)
2084 887 2251 955 ἀλλὰ
2282 890 2370 975 μὴ
2400 888 2770 975 ἀνδρείας

413 1000 455 1063 δ
468 1010 690 1085 ρεῖος
753 993 922 1064 εἶναι
976 1003 1229 1084 μᾶλλον
1282 996 1324 1083 ἢ
1384 999 1634 1063 δοκεῖν·
1619 996 1703 1083 ;1)

412 1102 526 1170 ἐπὶ
595 1113 714 1189 τῆς
776 1105 1290 1188 δικαιοσύνης
1344 1100 1418 1169 δὲ
1481 1101 1702 1169 οὐκέτι
1812 1102 1853 1187 ἢ
1886 1104 2427 1187 δικαιοσύνηςς
2451 1054 2536 1188 (ἢ
2566 1104 2768 1185 ἄλλης

417 1212 681 1290 δίκαιος
727 1207 896 1279 εἶναι
942 1218 1195 1298 μᾶλλον
1238 1211 1280 1295 ἢ
1327 1212 1577 1290 δοκεῖν;
1811 1212 1994 1287 τινὸς
2024 1209 2329 1296 ἀρετῆςς)

602 1336 658 1403 2'.
689 1336 882 1402 Modo
913 1336 1197 1402 breviter
1226 1336 1739 1420 commemoravi,
1769 1340 2084 1421 quantum
2111 1335 2200 1400 sit
2229 1334 2575 1400 discrimen
2600 1334 2771 1399 inter

414 1444 646 1509 Bionis
679 1444 1118 1530 Stilponisque
1157 1466 1603 1509 sermonem:
1652 1447 1846 1528 atque
1890 1443 2001 1528 qui
2049 1442 2306 1528 quidem
2351 1442 2543 1526 paulo
2592 1464 2771 1506 accu-

416 1551 626 1616 ratius
680 1552 804 1617 hoc
860 1551 1234 1636 attenderit,
1288 1550 1394 1616 vel
1439 1573 1517 1615 ex
1570 1550 1693 1615 hac
1747 1573 1815 1615 re
1872 1550 2027 1635 quid
2083 1549 2171 1614 sit
2218 1548 2557 1635 StilponiS‚
2612 1549 2768 1634 quid

418 1658 645 1724 Bionis
694 1659 1067 1745 dignoscere
1113 1658 1370 1743 poterit.
1445 1658 1571 1722 Hic
1608 1657 1781 1721 enim
1826 1656 2174 1741 profluenti
2209 1655 2427 1741 potius
2476 1678 2769 1721 sermone

421 1752 576 1830 usus
617 1766 1010 1851 colloquitur
1049 1788 1194 1829 cum
1232 1786 1306 1829 eo
1347 1765 1459 1849 qui
1489 1763 1678 1850 legit,
1716 1764 1825 1828 ille
1864 1762 2155 1829 oratione
2187 1764 2393 1828 certas
2432 1762 2500 1827 in
2526 1764 2769 1849 figuras

413 1874 680 1938 redacta
727 1873 930 1958 docet,
980 1872 1306 1937 interdum
1352 1871 1549 1936 etiam
1594 1875 1890 1958 repetens
1940 1872 2223 1955 eandem,
2268 1869 2449 1935 velut
2499 1871 2598 1955 16,
2638 1871 2765 1935 8-

427 1982 583 2064 17,2
605 1981 808 2064 =17,
829 1980 1030 2063 3—93
1060 1978 1474 2063 20,4—-21‚2
1496 1978 2767 2063 =21,2—14346,6—9==46,9⁴-12;

421 2086 528 2151 hic
574 2085 836 2151 minime
885 2090 1060 2150 certa
1103 2084 1210 2151 via
1244 2084 1674 2171 progreditur,
1720 2085 1831 2149 sed
1876 2082 2137 2169 ingenio
2185 2082 2527 2169 indulgens
2576 2085 2767 2149 modo

419 2194 548 2259 huc
603 2193 794 2258 modo
847 2192 1004 2257 illuc
1023 2256 1027 2259 ,
1046 2192 1290 2277 fertur,
1345 2191 1455 2257 ille
1503 2191 1754 2256 ratione
1804 2190 2021 2255 omnia
2067 2189 2381 2276 disponit,
2436 2214 2768 2276 nunquam

420 2302 497 2365 de
559 2300 666 2366 via
729 2300 1066 2385 decedens3
1128 2299 1282 2364 huic
1344 2320 1580 2385 magna
1643 2298 1933 2383 suppetit
2002 2296 2186 2381 copia
2251 2297 2592 2383 orationiS,
2657 2298 2767 2363 ille

420 2408 643 2473 eadem
688 2406 926 2472 iterum
969 2406 1334 2492 iterumque
1379 2410 1653 2491 usurpat
1692 2406 1905 2471 verba.
1980 2404 2206 2489 Neque
2246 2404 2459 2469 minus
2501 2405 2571 2469 in
2607 2406 2766 2490 ipsis

421 2513 732 2579 orationis
808 2514 1203 2579 ornamentis
1278 2513 1532 2579 exilitas
1609 2514 1923 2598 quaedam
1970 2511 2066 2576 ’111
2132 2510 2485 2596 Stilponeis
2561 2512 2766 2577 deest:

419 2622 712 2705 exempla
748 2620 920 2685 enim
959 2620 1345 2706 simpliciter—
1377 2624 1778 2706 enarrantur,
1822 2642 1969 2685 cum
2006 2642 2045 2683 a
2080 2618 2283 2683 Bione
2320 2618 2517 2684 variis
2556 2619 2765 2683 modis

420 2728 824 2792 instruantur
866 2731 1064 2812 atque
1109 2731 1522 2793 exornentur:
1569 2726 1761 2791 modo
1800 2726 2090 2791 conferas
2130 2726 2453 2810 quomodo
2492 2729 2763 2810 uterque

423 2832 787 2916 exemplum
825 2833 1052 2898 mortis
1093 2830 1450 2898 constantis
1480 2834 1556 2897 de
1589 2832 1852 2898 Socrate
1879 2831 2157 2916 petitum
2176 2829 2308 2919 (11,
2337 2834 2415 2898 10
2434 2834 2630 2917 -43,
2656 2834 2763 2917 18)

421 2940 673 3003 afferat!
740 2937 1266 3023 Comparationes
1306 2948 1464 3025 quas
1500 2939 1793 3004 instituit
1830 2937 2040 3023 Stilpo
2087 2938 2189 3003 bis
2234 2938 2337 3004 vel
2375 2944 2474 3004 ter
2511 2938 2763 3024 repetit,

421 3050 536 3111 aut
572 3047 839 3111 eandem
876 3069 1013 3110 rem
1042 3047 1479 3131 compluribus
1509 3046 2045 3112 similitudinibus
2075 3046 2353 3131 explicat
2382 3044 2516 3132 (42,
2536 3049 2578 3112 2
2596 3069 2761 3131 sqq.3

419 3154 529 3239 45,
567 3155 648 3219 17
671 3150 869 3239 sqq.);
936 3158 1160 3218 contra
1213 3153 1334 3218 Bio
1398 3154 1620 3239 paucis
1680 3154 1895 3219 verbis
1960 3176 2159 3218 unam
2219 3154 2567 3218 alteramve
2626 3176 2759 3217 rem

419 3259 738 3345 depingit,
804 3264 884 3324 ut
944 3260 1422 3345 comparatione
1477 3265 1543 3325 et
1595 3260 1883 3326 illustret
1937 3264 2003 3325 et
2063 3263 2329 3325 exornet
2384 3282 2761 3324 sermonem.

419 3368 600 3432 Idem
645 3366 940 3452 denique
977 3366 1322 3433 discrimen
1367 3372 1467 3433 est
1519 3368 1692 3433 inter
1746 3366 2082 3452 utriusque
2132 3386 2379 3433 morem
2425 3366 2763 3431 enarrandi

420 3474 960 3539 narratiunculas:
1031 3474 1154 3539 Bio
1229 3475 1400 3541 enim
1474 3480 1788 3567 quantum
1860 3478 2079 3559 potest
2152 3496 2226 3538 ea
2306 3496 2470 3558 quae
2540 3477 2765 3537 narrat

422 3584 731 3665 tanquam
794 3586 943 3646 ante
999 3582 1220 3647 oculos
1276 3587 1535 3648 nostros
1592 3582 1735 3647 fieri
1789 3581 1973 3667 facit,
2032 3580 2243 3679 Stilpo
2300 3580 2459 3645 satis
2507 3580 2762 3645 exiliter

421 3685 636 3771 refert,
675 3710 837 3771 quae
874 3688 1048 3753 dicta
1085 3688 1217 3753 sint
1255 3690 1336 3753 ab
1364 3690 1489 3754 hoc
1516 3690 1622 3755 vel
1655 3688 1785 3754 illo.
1860 3689 2049 3755 Iuvat
2086 3689 2257 3754 inter
2294 3711 2361 3753 se
2390 3709 2760 3771 comparare

421 3816 584 3878 quae
636 3797 858 3884 narrat
905 3793 1114 3879 Stilpo
1171 3796 1246 3859 de
1291 3794 1668 3862 Philemone
1707 3793 1841 3883 (17,
1884 3793 1995 3883 14)
2041 3795 2144 3860 vel
2199 3795 2276 3859 de
2333 3794 2517 3857 exule
2562 3792 2761 3857 Athe-

415 3900 624 3966 niensi
663 3901 798 3988 (21,
823 3898 934 3987 11)
973 3901 1302 3987 cuminis,
1341 3926 1504 3987 quae
1541 3926 1738 3987 supra
1771 3902 1903 3967 iam
1940 3901 2296 3987 attigimus,
2324 3901 2759 3966 Lacaenarum

417 4008 984 4093 apophthegmatis
1025 4008 1420 4093 lepidissime
1457 4010 1789 4074 enarratis.
1863 4007 2045 4073 Talia
2084 4008 2383 4092 qualibus
2420 4007 2543 4071 Bio
2580 4029 2758 4089 prae-

415 4119 594 4181 terea
639 4098 909 4180 exornat
955 4115 1312 4181 orationem
1355 4140 1414 4201 p.
1456 4118 1516 4201 3,
1560 4118 1640 4182 15
1662 4140 1798 4201 sqq.
1848 4113 1984 4203 (διὸ
2030 4112 2140 4179 καὶ
2190 4117 2250 4179 εἰ
2284 4115 2475 4199 λάβοι
2518 4106 2758 4197 ,φωνὴν

561 4366 614 4433 1)
650 4363 732 4417 Ι)6
755 4362 1006 4419 ⁴diversis
1042 4362 1317 4417 virtutum
1351 4362 1673 4418 nominibus
1713 4362 1781 4417 ef.
1812 4378 1957 4431 quae
1993 4362 2175 4415 Laert.
2205 4360 2367 4429 Diog.
2396 4360 2515 4429 VH,
2546 4365 2645 4413 161
2688 4360 2757 4415 (16

419 4449 676 4507 Aristone
714 4451 850 4507 Chio
889 4452 1150 4519 adnotat:
1189 4452 1392 4523 ἀρετὰς
1428 4450 1483 4506 δ’
1527 4450 1652 4506 οὔτε
1690 4450 1897 4513 πολλὰς
1934 4448 2152 4519 εἰσῆγεν
2190 4449 2263 4511 ὡς
2300 4448 2328 4505 ὁ
2373 4448 2585 4518 Ζήνων,
2629 4449 2755 4504 οὔτε

417 4541 553 4609 μίαν
589 4545 863 4605 πολλοῖς
899 4542 1189 4613 ὀνόμασι
1224 4539 1658 4612 καλουμένην
1698 4541 1779 4603 ὡς
1816 4536 1883 4595 οἴ
1914 4535 2319 4610 Μεγαρικοί.
