<?xml version="1.0" encoding="UTF-8"?>
<!DOCTYPE html PUBLIC "-//W3C//DTD XHTML 1.0 Transitional//EN"
    "http://www.w3.org/TR/xhtml1/DTD/xhtml1-transitional.dtd">
<html xmlns="http://www.w3.org/1999/xhtml" xml:lang="en" lang="en">
 <head>
  <title>
</title>
<meta http-equiv="Content-Type" content="text/html;charset=utf-8" />
  <meta name='ocr-system' content='tesseract 3.04.00' />
  <meta name='ocr-capabilities' content='ocr_page ocr_carea ocr_par ocr_line ocrx_word'/>
</head>
<body>
  <div class='ocr_page' id='page_1' title='image "./dephilosophorum00giesgoog_0085.png"; bbox 0 0 3309 5167; ppageno 0'>
   <div class='ocr_carea' id='block_1_1' title="bbox 1407 358 1834 421">
    <p class='ocr_par' dir='ltr' id='par_1_1' title="bbox 1407 358 1834 421">
     <span class='ocr_line' id='line_1_1' title="bbox 1407 358 1834 421; baseline 0.002 -21"><span class='ocrx_word' id='word_1_1' title='bbox 1407 358 1834 421; x_wconf 41' lang='grc' dir='ltr'>..Ήῇήἡ</span> 
     </span>
    </p>
   </div>
   <div class='ocr_carea' id='block_1_2' title="bbox 444 514 2803 4565">
    <p class='ocr_par' dir='ltr' id='par_1_2' title="bbox 444 514 2797 2318">
     <span class='ocr_line' id='line_1_2' title="bbox 444 514 2782 602; baseline -0 -20"><span class='ocrx_word' id='word_1_2' title='bbox 444 515 622 582; x_wconf 87' lang='lat' dir='ltr'>locus</span> <span class='ocrx_word' id='word_1_3' title='bbox 669 514 1014 581; x_wconf 81' lang='lat' dir='ltr'>sinceriore</span> <span class='ocrx_word' id='word_1_4' title='bbox 1060 515 1269 580; x_wconf 89' lang='lat' dir='ltr'>forma</span> <span class='ocrx_word' id='word_1_5' title='bbox 1312 515 1551 601; x_wconf 86' lang='lat' dir='ltr'>legitur</span> <span class='ocrx_word' id='word_1_6' title='bbox 1595 517 1644 601; x_wconf 95' lang='grc' dir='ltr'>Ι,</span> <span class='ocrx_word' id='word_1_7' title='bbox 1700 519 1749 601; x_wconf 86' lang='lat'>1,</span> <span class='ocrx_word' id='word_1_8' title='bbox 1788 518 1889 601; x_wconf 88' lang='grc'>22,</span> <span class='ocrx_word' id='word_1_9' title='bbox 1938 537 2083 580; x_wconf 87' lang='lat' dir='ltr'>cum</span> <span class='ocrx_word' id='word_1_10' title='bbox 2127 515 2381 601; x_wconf 86' lang='lat' dir='ltr'>sapiens</span> <span class='ocrx_word' id='word_1_11' title='bbox 2430 521 2623 602; x_wconf 86' lang='lat' dir='ltr'>atque</span> <span class='ocrx_word' id='word_1_12' title='bbox 2671 517 2782 582; x_wconf 90' lang='lat' dir='ltr'>ille</span> 
     </span>
     <span class='ocr_line' id='line_1_3' title="bbox 444 620 2787 709; baseline 0.001 -22"><span class='ocrx_word' id='word_1_13' title='bbox 444 621 551 687; x_wconf 88' lang='lat' dir='ltr'>hic</span> <span class='ocrx_word' id='word_1_14' title='bbox 587 623 757 687; x_wconf 92' lang='lat' dir='ltr'>inter</span> <span class='ocrx_word' id='word_1_15' title='bbox 794 646 861 687; x_wconf 90' lang='lat' dir='ltr'>se</span> <span class='ocrx_word' id='word_1_16' title='bbox 901 622 1378 708; x_wconf 68' lang='lat' dir='ltr'>colloquantur:</span> <span class='ocrx_word' id='word_1_17' title='bbox 1415 620 1584 689; x_wconf 73' lang='grc' dir='ltr'><em>Εἰπὲ</em></span> <span class='ocrx_word' id='word_1_18' title='bbox 1618 625 1700 689; x_wconf 82' lang='grc' dir='ltr'>τὰ</span> <span class='ocrx_word' id='word_1_19' title='bbox 1737 623 2093 709; x_wconf 82' lang='grc' dir='ltr'><em>ἀπόρρητα.</em></span> <span class='ocrx_word' id='word_1_20' title='bbox 2124 661 2197 671; x_wconf 92' lang='grc'>-</span> <span class='ocrx_word' id='word_1_21' title='bbox 2230 622 2329 689; x_wconf 82' lang='grc' dir='ltr'>Οὐ</span> <span class='ocrx_word' id='word_1_22' title='bbox 2360 623 2553 707; x_wconf 78' lang='grc' dir='ltr'><em>λέγω·</em></span> <span class='ocrx_word' id='word_1_23' title='bbox 2592 634 2787 690; x_wconf 84' lang='grc' dir='ltr'><strong><em>τοῦτο</em></strong></span> 
     </span>
     <span class='ocr_line' id='line_1_4' title="bbox 444 727 2791 816; baseline 0.001 -22"><span class='ocrx_word' id='word_1_24' title='bbox 444 732 570 815; x_wconf 80' lang='grc' dir='ltr'>γὰρ</span> <span class='ocrx_word' id='word_1_25' title='bbox 619 727 718 795; x_wconf 81' lang='grc' dir='ltr'>ἐπ’</span> <span class='ocrx_word' id='word_1_26' title='bbox 765 728 915 814; x_wconf 84' lang='grc' dir='ltr'><em>ἐμοί</em></span> <span class='ocrx_word' id='word_1_27' title='bbox 957 729 1152 795; x_wconf 84' lang='grc' dir='ltr'><em>ἐστιν.</em></span> <span class='ocrx_word' id='word_1_28' title='bbox 1198 768 1272 776; x_wconf 87' lang='grc'>-</span> <span class='ocrx_word' id='word_1_29' title='bbox 1309 728 1503 796; x_wconf 80' lang='grc' dir='ltr'>Ἀλλά</span> <span class='ocrx_word' id='word_1_30' title='bbox 1551 732 1730 813; x_wconf 82' lang='grc' dir='ltr'><em>δήσω</em></span> <span class='ocrx_word' id='word_1_31' title='bbox 1779 747 1865 796; x_wconf 90' lang='grc' dir='ltr'>σε.</span> <span class='ocrx_word' id='word_1_32' title='bbox 1904 768 1988 777; x_wconf 85' lang='lat'>——</span> <span class='ocrx_word' id='word_1_33' title='bbox 2022 729 2397 816; x_wconf 70' lang='grc' dir='ltr'>Ἄνθρωπε,</span> <span class='ocrx_word' id='word_1_34' title='bbox 2441 734 2512 796; x_wconf 83' lang='grc' dir='ltr'>τί</span> <span class='ocrx_word' id='word_1_35' title='bbox 2552 730 2791 815; x_wconf 80' lang='grc' dir='ltr'>λέγεις;</span> 
     </span>
     <span class='ocr_line' id='line_1_5' title="bbox 444 835 2791 925; baseline 0.001 -24"><span class='ocrx_word' id='word_1_36' title='bbox 444 836 586 921; x_wconf 66' lang='grc' dir='ltr'>ἐμέ,</span> <span class='ocrx_word' id='word_1_37' title='bbox 622 838 709 902; x_wconf 87' lang='grc' dir='ltr'>τὸ</span> <span class='ocrx_word' id='word_1_38' title='bbox 749 835 1020 914; x_wconf 78' lang='grc' dir='ltr'><strong><em>σκέλος</em></strong></span> <span class='ocrx_word' id='word_1_39' title='bbox 1055 861 1185 922; x_wconf 85' lang='grc' dir='ltr'>μου</span> <span class='ocrx_word' id='word_1_40' title='bbox 1213 839 1461 921; x_wconf 79' lang='grc' dir='ltr'><em>δήσεις·</em></span> <span class='ocrx_word' id='word_1_41' title='bbox 1499 839 1622 921; x_wconf 81' lang='grc' dir='ltr'>τὴν</span> <span class='ocrx_word' id='word_1_42' title='bbox 1660 841 2050 925; x_wconf 83' lang='grc' dir='ltr'><em>προαίρεσιν</em></span> <span class='ocrx_word' id='word_1_43' title='bbox 2078 835 2223 903; x_wconf 84' lang='grc' dir='ltr'><em>οὐδ’</em></span> <span class='ocrx_word' id='word_1_44' title='bbox 2261 838 2296 905; x_wconf 99' lang='lat'>6</span> <span class='ocrx_word' id='word_1_45' title='bbox 2331 841 2499 915; x_wconf 89' lang='grc' dir='ltr'>Ζεὺς</span> <span class='ocrx_word' id='word_1_46' title='bbox 2524 848 2791 922; x_wconf 80' lang='grc' dir='ltr'><em>νικῆσαι</em></span> 
     </span>
     <span class='ocr_line' id='line_1_6' title="bbox 445 943 2790 1030; baseline 0.001 -21"><span class='ocrx_word' id='word_1_47' title='bbox 445 946 744 1016; x_wconf 81' lang='grc' dir='ltr'><em>δύναται.</em></span> <span class='ocrx_word' id='word_1_48' title='bbox 781 981 848 989; x_wconf 91' lang='grc'>-</span> <span class='ocrx_word' id='word_1_49' title='bbox 886 947 1010 1021; x_wconf 81' lang='grc' dir='ltr'>Εἰς</span> <span class='ocrx_word' id='word_1_50' title='bbox 1054 947 1362 1029; x_wconf 82' lang='grc' dir='ltr'><em>φυλακήν</em></span> <span class='ocrx_word' id='word_1_51' title='bbox 1398 962 1470 1010; x_wconf 91' lang='grc' dir='ltr'>σε</span> <span class='ocrx_word' id='word_1_52' title='bbox 1508 949 1709 1030; x_wconf 83' lang='grc' dir='ltr'><em>βαλῶ.</em></span> <span class='ocrx_word' id='word_1_53' title='bbox 1754 984 1827 992; x_wconf 92' lang='grc'>-</span> <span class='ocrx_word' id='word_1_54' title='bbox 1880 948 1968 1011; x_wconf 90' lang='grc' dir='ltr'>Τὸ</span> <span class='ocrx_word' id='word_1_55' title='bbox 2007 945 2357 1029; x_wconf 79' lang='grc' dir='ltr'><em>σωμάτιον.</em></span> <span class='ocrx_word' id='word_1_56' title='bbox 2407 984 2489 993; x_wconf 90' lang='lat'>——</span> <span class='ocrx_word' id='word_1_57' title='bbox 2530 943 2790 1011; x_wconf 84' lang='grc' dir='ltr'><em>Ἀποκε-</em></span> 
     </span>
     <span class='ocr_line' id='line_1_7' title="bbox 447 1047 2793 1140; baseline 0.002 -25"><span class='ocrx_word' id='word_1_58' title='bbox 447 1053 706 1136; x_wconf 84' lang='grc' dir='ltr'><em>φαλίσω</em></span> <span class='ocrx_word' id='word_1_59' title='bbox 739 1067 828 1116; x_wconf 90' lang='grc' dir='ltr'>σε.</span> <span class='ocrx_word' id='word_1_60' title='bbox 865 1089 951 1097; x_wconf 93' lang='lat'>——</span> <span class='ocrx_word' id='word_1_61' title='bbox 991 1055 1168 1117; x_wconf 79' lang='grc' dir='ltr'><em>Πότε</em></span> <span class='ocrx_word' id='word_1_62' title='bbox 1205 1047 1330 1117; x_wconf 82' lang='grc' dir='ltr'>οὖν</span> <span class='ocrx_word' id='word_1_63' title='bbox 1367 1070 1472 1118; x_wconf 93' lang='grc' dir='ltr'>σοι</span> <span class='ocrx_word' id='word_1_64' title='bbox 1510 1047 1721 1137; x_wconf 83' lang='grc' dir='ltr'><em>εἷπον,</em></span> <span class='ocrx_word' id='word_1_65' title='bbox 1748 1052 1852 1118; x_wconf 82' lang='grc' dir='ltr'>ὅτι</span> <span class='ocrx_word' id='word_1_66' title='bbox 1888 1056 2099 1137; x_wconf 86' lang='grc' dir='ltr'><strong><em>μόνου</em></strong></span> <span class='ocrx_word' id='word_1_67' title='bbox 2137 1052 2297 1137; x_wconf 86' lang='grc' dir='ltr'>ἐμοῦ</span> <span class='ocrx_word' id='word_1_68' title='bbox 2336 1053 2371 1120; x_wconf 99' lang='lat'>6</span> <span class='ocrx_word' id='word_1_69' title='bbox 2409 1053 2793 1140; x_wconf 77' lang='grc' dir='ltr'><em>τράχηλος</em></span> 
     </span>
     <span class='ocr_line' id='line_1_8' title="bbox 445 1157 2791 1245; baseline 0 -22"><span class='ocrx_word' id='word_1_70' title='bbox 445 1158 900 1242; x_wconf 80' lang='grc' dir='ltr'><em>ἀναπότμητός</em></span> <span class='ocrx_word' id='word_1_71' title='bbox 939 1157 1145 1238; x_wconf 82' lang='grc' dir='ltr'><em>ἐστιν;</em></span> <span class='ocrx_word' id='word_1_72' title='bbox 1182 1169 1386 1225; x_wconf 79' lang='grc' dir='ltr'><em>ταῦτα</em></span> <span class='ocrx_word' id='word_1_73' title='bbox 1425 1162 1558 1225; x_wconf 81' lang='grc' dir='ltr'><em>ἔδει</em></span> <span class='ocrx_word' id='word_1_74' title='bbox 1595 1167 1873 1245; x_wconf 81' lang='grc' dir='ltr'><em>μελετᾶν</em></span> <span class='ocrx_word' id='word_1_75' title='bbox 1908 1163 2065 1237; x_wconf 84' lang='grc' dir='ltr'><strong><em>τοὺς</em></strong></span> <span class='ocrx_word' id='word_1_76' title='bbox 2102 1166 2661 1245; x_wconf 79' lang='grc' dir='ltr'><strong><em>φιλοσοφοῦντας,</em></strong></span> <span class='ocrx_word' id='word_1_77' title='bbox 2700 1164 2791 1224; x_wconf 88' lang='lat' dir='ltr'>at-</span> 
     </span>
     <span class='ocr_line' id='line_1_9' title="bbox 449 1265 2791 1351; baseline 0.001 -22"><span class='ocrx_word' id='word_1_78' title='bbox 449 1288 573 1350; x_wconf 89' lang='lat' dir='ltr'>que</span> <span class='ocrx_word' id='word_1_79' title='bbox 636 1265 868 1330; x_wconf 90' lang='lat' dir='ltr'>horum</span> <span class='ocrx_word' id='word_1_80' title='bbox 923 1265 1161 1331; x_wconf 86' lang='lat' dir='ltr'>similia</span> <span class='ocrx_word' id='word_1_81' title='bbox 1232 1267 1439 1351; x_wconf 81' lang='lat' dir='ltr'>magis</span> <span class='ocrx_word' id='word_1_82' title='bbox 1503 1267 1796 1333; x_wconf 82' lang='lat' dir='ltr'>minusve</span> <span class='ocrx_word' id='word_1_83' title='bbox 1860 1272 2111 1332; x_wconf 86' lang='lat' dir='ltr'>mutata</span> <span class='ocrx_word' id='word_1_84' title='bbox 2174 1271 2399 1332; x_wconf 86' lang='lat' dir='ltr'>extant</span> <span class='ocrx_word' id='word_1_85' title='bbox 2458 1266 2516 1351; x_wconf 81' lang='lat' dir='ltr'>I,</span> <span class='ocrx_word' id='word_1_86' title='bbox 2571 1267 2677 1351; x_wconf 87' lang='lat'>19,</span> <span class='ocrx_word' id='word_1_87' title='bbox 2725 1267 2791 1351; x_wconf 83' lang='lat'>83</span> 
     </span>
     <span class='ocr_line' id='line_1_10' title="bbox 449 1360 2793 1460; baseline 0 -23"><span class='ocrx_word' id='word_1_88' title='bbox 449 1375 553 1457; x_wconf 85' lang='grc'>29,</span> <span class='ocrx_word' id='word_1_89' title='bbox 593 1360 782 1437; x_wconf 49' lang='lat'>547.</span> <span class='ocrx_word' id='word_1_90' title='bbox 819 1410 900 1419; x_wconf 88' lang='lat'>—-</span> <span class='ocrx_word' id='word_1_91' title='bbox 940 1373 1126 1450; x_wconf 81' lang='lat' dir='ltr'>Quod</span> <span class='ocrx_word' id='word_1_92' title='bbox 1163 1378 1379 1438; x_wconf 90' lang='lat' dir='ltr'>autem</span> <span class='ocrx_word' id='word_1_93' title='bbox 1415 1374 1613 1439; x_wconf 86' lang='lat' dir='ltr'>fuerit</span> <span class='ocrx_word' id='word_1_94' title='bbox 1651 1375 2014 1460; x_wconf 85' lang='lat' dir='ltr'>exemplum</span> <span class='ocrx_word' id='word_1_95' title='bbox 2049 1374 2201 1439; x_wconf 87' lang='lat' dir='ltr'>talis</span> <span class='ocrx_word' id='word_1_96' title='bbox 2238 1374 2408 1438; x_wconf 90' lang='lat' dir='ltr'>inter</span> <span class='ocrx_word' id='word_1_97' title='bbox 2444 1377 2793 1458; x_wconf 84' lang='lat' dir='ltr'>tyrannum</span> 
     </span>
     <span class='ocr_line' id='line_1_11' title="bbox 450 1480 2793 1566; baseline 0 -22"><span class='ocrx_word' id='word_1_98' title='bbox 450 1484 644 1564; x_wconf 86' lang='lat' dir='ltr'>atque</span> <span class='ocrx_word' id='word_1_99' title='bbox 688 1481 892 1545; x_wconf 80' lang='lat' dir='ltr'>virum</span> <span class='ocrx_word' id='word_1_100' title='bbox 929 1481 1152 1546; x_wconf 78' lang='lat' dir='ltr'><strong><em>bonum</em></strong></span> <span class='ocrx_word' id='word_1_101' title='bbox 1192 1480 1499 1566; x_wconf 82' lang='lat' dir='ltr'>colloquii</span> <span class='ocrx_word' id='word_1_102' title='bbox 1544 1485 1716 1546; x_wconf 90' lang='lat' dir='ltr'>recte</span> <span class='ocrx_word' id='word_1_103' title='bbox 1753 1480 2064 1548; x_wconf 88' lang='lat' dir='ltr'>indicavit</span> <span class='ocrx_word' id='word_1_104' title='bbox 2099 1480 2425 1565; x_wconf 87' lang='lat' dir='ltr'>Uptonius</span> <span class='ocrx_word' id='word_1_105' title='bbox 2461 1482 2541 1545; x_wconf 81' lang='lat' dir='ltr'>ad</span> <span class='ocrx_word' id='word_1_106' title='bbox 2579 1481 2793 1546; x_wconf 89' lang='lat' dir='ltr'>locum</span> 
     </span>
     <span class='ocr_line' id='line_1_12' title="bbox 449 1586 2797 1674; baseline 0.001 -23"><span class='ocrx_word' id='word_1_107' title='bbox 449 1587 634 1652; x_wconf 89' lang='lat' dir='ltr'>illum</span> <span class='ocrx_word' id='word_1_108' title='bbox 670 1586 970 1673; x_wconf 83' lang='lat' dir='ltr'>priorem,</span> <span class='ocrx_word' id='word_1_109' title='bbox 1005 1587 1312 1652; x_wconf 90' lang='lat' dir='ltr'>nimirum</span> <span class='ocrx_word' id='word_1_110' title='bbox 1339 1588 1613 1654; x_wconf 87' lang='lat' dir='ltr'>Penthei</span> <span class='ocrx_word' id='word_1_111' title='bbox 1649 1592 1843 1674; x_wconf 90' lang='lat' dir='ltr'>atque</span> <span class='ocrx_word' id='word_1_112' title='bbox 1880 1589 2153 1673; x_wconf 78' lang='lat' dir='ltr'>Dionysi</span> <span class='ocrx_word' id='word_1_113' title='bbox 2190 1588 2502 1674; x_wconf 84' lang='lat' dir='ltr'>dialogus,</span> <span class='ocrx_word' id='word_1_114' title='bbox 2540 1588 2797 1673; x_wconf 85' lang='lat' dir='ltr'>qualem</span> 
     </span>
     <span class='ocr_line' id='line_1_13' title="bbox 450 1694 2795 1781; baseline 0 -21"><span class='ocrx_word' id='word_1_115' title='bbox 450 1696 640 1761; x_wconf 83' lang='lat' dir='ltr'>finxit</span> <span class='ocrx_word' id='word_1_116' title='bbox 675 1695 1020 1779; x_wconf 86' lang='lat' dir='ltr'>Euripides</span> <span class='ocrx_word' id='word_1_117' title='bbox 1067 1695 1138 1760; x_wconf 93' lang='lat' dir='ltr'>in</span> <span class='ocrx_word' id='word_1_118' title='bbox 1181 1696 1403 1760; x_wconf 88' lang='lat' dir='ltr'>fabula</span> <span class='ocrx_word' id='word_1_119' title='bbox 1446 1696 1562 1760; x_wconf 90' lang='lat' dir='ltr'>illa</span> <span class='ocrx_word' id='word_1_120' title='bbox 1607 1718 1769 1781; x_wconf 88' lang='lat' dir='ltr'>quae</span> <span class='ocrx_word' id='word_1_121' title='bbox 1806 1695 2097 1761; x_wconf 82' lang='lat' dir='ltr'>Bacchae</span> <span class='ocrx_word' id='word_1_122' title='bbox 2143 1694 2536 1761; x_wconf 75' lang='lat' dir='ltr'>inscribitur.</span> <span class='ocrx_word' id='word_1_123' title='bbox 2623 1695 2795 1761; x_wconf 87' lang='lat' dir='ltr'>Nam</span> 
     </span>
     <span class='ocr_line' id='line_1_14' title="bbox 450 1802 2795 1888; baseline 0 -21"><span class='ocrx_word' id='word_1_124' title='bbox 450 1802 706 1888; x_wconf 80' lang='lat' dir='ltr'>similia,</span> <span class='ocrx_word' id='word_1_125' title='bbox 744 1807 820 1867; x_wconf 91' lang='lat' dir='ltr'>ut</span> <span class='ocrx_word' id='word_1_126' title='bbox 854 1802 1027 1867; x_wconf 89' lang='lat' dir='ltr'>idem</span> <span class='ocrx_word' id='word_1_127' title='bbox 1063 1807 1235 1867; x_wconf 87' lang='lat' dir='ltr'>recte</span> <span class='ocrx_word' id='word_1_128' title='bbox 1273 1802 1623 1887; x_wconf 84' lang='lat' dir='ltr'>adnotavit,</span> <span class='ocrx_word' id='word_1_129' title='bbox 1671 1803 1740 1867; x_wconf 89' lang='lat' dir='ltr'>in</span> <span class='ocrx_word' id='word_1_130' title='bbox 1775 1803 1933 1867; x_wconf 91' lang='lat' dir='ltr'>Hor.</span> <span class='ocrx_word' id='word_1_131' title='bbox 1972 1826 2065 1887; x_wconf 85' lang='lat' dir='ltr'>ep.</span> <span class='ocrx_word' id='word_1_132' title='bbox 2103 1803 2153 1888; x_wconf 90' lang='grc'>1,</span> <span class='ocrx_word' id='word_1_133' title='bbox 2201 1804 2276 1868; x_wconf 88' lang='lat'>16</span> <span class='ocrx_word' id='word_1_134' title='bbox 2315 1803 2637 1888; x_wconf 85' lang='lat' dir='ltr'>leguntur,</span> <span class='ocrx_word' id='word_1_135' title='bbox 2684 1804 2795 1868; x_wconf 90' lang='lat' dir='ltr'>ubi</span> 
     </span>
     <span class='ocr_line' id='line_1_15' title="bbox 449 1909 2795 1996; baseline 0 -21"><span class='ocrx_word' id='word_1_136' title='bbox 449 1910 686 1975; x_wconf 90' lang='lat' dir='ltr'>mirum</span> <span class='ocrx_word' id='word_1_137' title='bbox 731 1909 800 1974; x_wconf 88' lang='lat' dir='ltr'>in</span> <span class='ocrx_word' id='word_1_138' title='bbox 837 1911 1100 1973; x_wconf 89' lang='lat' dir='ltr'>modum</span> <span class='ocrx_word' id='word_1_139' title='bbox 1141 1932 1348 1995; x_wconf 89' lang='lat' dir='ltr'>neque</span> <span class='ocrx_word' id='word_1_140' title='bbox 1386 1914 1605 1974; x_wconf 88' lang='lat' dir='ltr'>tamen</span> <span class='ocrx_word' id='word_1_141' title='bbox 1640 1909 1831 1974; x_wconf 89' lang='lat' dir='ltr'>nobis</span> <span class='ocrx_word' id='word_1_142' title='bbox 1867 1909 2167 1994; x_wconf 86' lang='lat' dir='ltr'>ignotum</span> <span class='ocrx_word' id='word_1_143' title='bbox 2212 1910 2653 1996; x_wconf 80' lang='lat' dir='ltr'>mythologiae</span> <span class='ocrx_word' id='word_1_144' title='bbox 2694 1932 2795 1975; x_wconf 87' lang='lat' dir='ltr'>res</span> 
     </span>
     <span class='ocr_line' id='line_1_16' title="bbox 447 2015 2797 2100; baseline 0 -19"><span class='ocrx_word' id='word_1_145' title='bbox 447 2022 514 2081; x_wconf 92' lang='lat' dir='ltr'>et</span> <span class='ocrx_word' id='word_1_146' title='bbox 559 2015 952 2093; x_wconf 55' lang='lat' dir='ltr'>recentioris,</span> <span class='ocrx_word' id='word_1_147' title='bbox 981 2015 1212 2080; x_wconf 85' lang='lat' dir='ltr'>aetatis</span> <span class='ocrx_word' id='word_1_148' title='bbox 1267 2016 1438 2080; x_wconf 88' lang='lat' dir='ltr'>inter</span> <span class='ocrx_word' id='word_1_149' title='bbox 1485 2039 1552 2081; x_wconf 85' lang='lat' dir='ltr'>se</span> <span class='ocrx_word' id='word_1_150' title='bbox 1609 2015 1993 2080; x_wconf 85' lang='lat' dir='ltr'>commixtae</span> <span class='ocrx_word' id='word_1_151' title='bbox 2038 2020 2216 2100; x_wconf 80' lang='lat' dir='ltr'>sunt,</span> <span class='ocrx_word' id='word_1_152' title='bbox 2266 2020 2337 2081; x_wconf 93' lang='lat' dir='ltr'>ut</span> <span class='ocrx_word' id='word_1_153' title='bbox 2382 2017 2797 2083; x_wconf 82' lang='lat' dir='ltr'>manifestum</span> 
     </span>
     <span class='ocr_line' id='line_1_17' title="bbox 448 2122 2281 2209; baseline -0.001 -20"><span class='ocrx_word' id='word_1_154' title='bbox 448 2126 564 2189; x_wconf 88' lang='lat' dir='ltr'>fiat</span> <span class='ocrx_word' id='word_1_155' title='bbox 611 2124 934 2209; x_wconf 89' lang='lat' dir='ltr'>quomodo</span> <span class='ocrx_word' id='word_1_156' title='bbox 979 2122 1320 2208; x_wconf 85' lang='lat' dir='ltr'>Epictetea</span> <span class='ocrx_word' id='word_1_157' title='bbox 1366 2145 1512 2188; x_wconf 89' lang='lat' dir='ltr'>cum</span> <span class='ocrx_word' id='word_1_158' title='bbox 1557 2122 1823 2209; x_wconf 85' lang='lat' dir='ltr'>tragicis</span> <span class='ocrx_word' id='word_1_159' title='bbox 1872 2123 2281 2187; x_wconf 86' lang='lat' dir='ltr'>cohaereant:</span> 
     </span>
     <span class='ocr_line' id='line_1_18' title="bbox 450 2227 2372 2318; baseline 0 -23"><span class='ocrx_word' id='word_1_160' title='bbox 450 2227 536 2318; x_wconf 86' lang='lat' dir='ltr'>(v.</span> <span class='ocrx_word' id='word_1_161' title='bbox 589 2233 698 2312; x_wconf 77' lang='lat'>73)</span> <span class='ocrx_word' id='word_1_162' title='bbox 755 2232 870 2297; x_wconf 69' lang='lat' dir='ltr'>Vir</span> <span class='ocrx_word' id='word_1_163' title='bbox 914 2232 1106 2295; x_wconf 77' lang='lat' dir='ltr'>bonus</span> <span class='ocrx_word' id='word_1_164' title='bbox 1149 2235 1208 2295; x_wconf 78' lang='lat' dir='ltr'>et</span> <span class='ocrx_word' id='word_1_165' title='bbox 1239 2232 1489 2313; x_wconf 72' lang='lat' dir='ltr'>sapiens</span> <span class='ocrx_word' id='word_1_166' title='bbox 1531 2232 1779 2296; x_wconf 78' lang='lat' dir='ltr'>audebit</span> <span class='ocrx_word' id='word_1_167' title='bbox 1818 2232 2013 2296; x_wconf 80' lang='lat' dir='ltr'>dicere</span> <span class='ocrx_word' id='word_1_168' title='bbox 2056 2230 2372 2315; x_wconf 77' lang='lat' dir='ltr'>„Penthea</span> 
     </span>
    </p>

    <p class='ocr_par' dir='ltr' id='par_1_3' title="bbox 750 2336 2323 2423">
     <span class='ocr_line' id='line_1_19' title="bbox 750 2336 2323 2423; baseline -0.001 -19"><span class='ocrx_word' id='word_1_169' title='bbox 750 2338 971 2404; x_wconf 76' lang='lat' dir='ltr'>Rector</span> <span class='ocrx_word' id='word_1_170' title='bbox 1019 2336 1394 2421; x_wconf 76' lang='lat' dir='ltr'>Thebarum,</span> <span class='ocrx_word' id='word_1_171' title='bbox 1429 2339 1582 2421; x_wconf 77' lang='lat' dir='ltr'>qaid</span> <span class='ocrx_word' id='word_1_172' title='bbox 1623 2360 1721 2403; x_wconf 87' lang='lat' dir='ltr'>me</span> <span class='ocrx_word' id='word_1_173' title='bbox 1759 2339 2031 2421; x_wconf 80' lang='lat' dir='ltr'>perferre</span> <span class='ocrx_word' id='word_1_174' title='bbox 2063 2340 2323 2423; x_wconf 76' lang='lat' dir='ltr'>patique</span> 
     </span>
    </p>

    <p class='ocr_par' dir='ltr' id='par_1_4' title="bbox 751 2445 2737 2531">
     <span class='ocr_line' id='line_1_20' title="bbox 751 2445 2737 2531; baseline -0.001 -20"><span class='ocrx_word' id='word_1_175' title='bbox 751 2446 1095 2529; x_wconf 76' lang='lat' dir='ltr'>Indiynam</span> <span class='ocrx_word' id='word_1_176' title='bbox 1139 2446 1388 2529; x_wconf 71' lang='lat' dir='ltr'>eoyes?“</span> <span class='ocrx_word' id='word_1_177' title='bbox 1430 2447 1747 2531; x_wconf 77' lang='lat' dir='ltr'>„adimam</span> <span class='ocrx_word' id='word_1_178' title='bbox 1791 2445 2005 2511; x_wconf 82' lang='lat' dir='ltr'>bona.“</span> <span class='ocrx_word' id='word_1_179' title='bbox 2096 2466 2343 2530; x_wconf 77' lang='lat' dir='ltr'>„nempe</span> <span class='ocrx_word' id='word_1_180' title='bbox 2376 2466 2565 2527; x_wconf 77' lang='lat' dir='ltr'>pecus</span> <span class='ocrx_word' id='word_1_181' title='bbox 2608 2466 2737 2509; x_wconf 79' lang='lat' dir='ltr'>rem</span> 
     </span>
    </p>

    <p class='ocr_par' dir='ltr' id='par_1_5' title="bbox 751 2552 2575 2638">
     <span class='ocr_line' id='line_1_21' title="bbox 751 2552 2575 2638; baseline -0.001 -21"><span class='ocrx_word' id='word_1_182' title='bbox 751 2554 962 2619; x_wconf 80' lang='lat' dir='ltr'>Lectos</span> <span class='ocrx_word' id='word_1_183' title='bbox 1005 2558 1342 2637; x_wconf 67' lang='lat' dir='ltr'>amentum.</span> <span class='ocrx_word' id='word_1_184' title='bbox 1435 2554 1616 2619; x_wconf 78' lang='lat' dir='ltr'>tollae</span> <span class='ocrx_word' id='word_1_185' title='bbox 1662 2552 1849 2619; x_wconf 80' lang='lat' dir='ltr'>lieet.“</span> <span class='ocrx_word' id='word_1_186' title='bbox 1937 2554 2047 2638; x_wconf 71' lang='lat' dir='ltr'>„in</span> <span class='ocrx_word' id='word_1_187' title='bbox 2090 2554 2355 2618; x_wconf 77' lang='lat' dir='ltr'>manicis</span> <span class='ocrx_word' id='word_1_188' title='bbox 2390 2557 2449 2616; x_wconf 84' lang='lat' dir='ltr'>et</span> <span class='ocrx_word' id='word_1_189' title='bbox 2571 2604 2575 2609; x_wconf 93' lang='lat'><em>.</em></span> 
     </span>
    </p>

    <p class='ocr_par' dir='ltr' id='par_1_6' title="bbox 754 2657 2207 2745">
     <span class='ocr_line' id='line_1_22' title="bbox 754 2657 2207 2745; baseline -0.001 -18"><span class='ocrx_word' id='word_1_190' title='bbox 754 2660 1156 2745; x_wconf 75' lang='lat' dir='ltr'>Compedibus</span> <span class='ocrx_word' id='word_1_191' title='bbox 1187 2682 1374 2741; x_wconf 54' lang='lat' dir='ltr'>,saevo</span> <span class='ocrx_word' id='word_1_192' title='bbox 1420 2668 1474 2727; x_wconf 83' lang='lat' dir='ltr'>te</span> <span class='ocrx_word' id='word_1_193' title='bbox 1508 2662 1620 2728; x_wconf 79' lang='lat' dir='ltr'>sab</span> <span class='ocrx_word' id='word_1_194' title='bbox 1664 2663 1907 2727; x_wconf 75' lang='lat' dir='ltr'>custode</span> <span class='ocrx_word' id='word_1_195' title='bbox 1951 2657 2207 2726; x_wconf 72' lang='lat' dir='ltr'>tenebof‘</span> 
     </span>
    </p>

    <p class='ocr_par' dir='ltr' id='par_1_7' title="bbox 755 2766 2251 2856">
     <span class='ocr_line' id='line_1_23' title="bbox 755 2766 2251 2856; baseline -0.002 -23"><span class='ocrx_word' id='word_1_196' title='bbox 755 2768 936 2851; x_wconf 77' lang='lat' dir='ltr'>„Ipse</span> <span class='ocrx_word' id='word_1_197' title='bbox 979 2769 1127 2833; x_wconf 77' lang='lat' dir='ltr'>deus</span> <span class='ocrx_word' id='word_1_198' title='bbox 1171 2770 1361 2833; x_wconf 80' lang='lat' dir='ltr'>simul</span> <span class='ocrx_word' id='word_1_199' title='bbox 1405 2774 1583 2850; x_wconf 77' lang='lat' dir='ltr'>atque</span> <span class='ocrx_word' id='word_1_200' title='bbox 1626 2769 1829 2833; x_wconf 84' lang='lat' dir='ltr'>volam</span> <span class='ocrx_word' id='word_1_201' title='bbox 1874 2790 1971 2832; x_wconf 88' lang='lat' dir='ltr'>me</span> <span class='ocrx_word' id='word_1_202' title='bbox 2012 2766 2251 2856; x_wconf 43' lang='lat' dir='ltr'>solvet?</span> 
     </span>
    </p>

    <p class='ocr_par' dir='ltr' id='par_1_8' title="bbox 453 2872 2801 3152">
     <span class='ocr_line' id='line_1_24' title="bbox 630 2872 2801 2960; baseline 0 -23"><span class='ocrx_word' id='word_1_203' title='bbox 630 2872 782 2938; x_wconf 88' lang='lat' dir='ltr'>Non</span> <span class='ocrx_word' id='word_1_204' title='bbox 835 2873 1038 2958; x_wconf 84' lang='lat' dir='ltr'>igitur</span> <span class='ocrx_word' id='word_1_205' title='bbox 1100 2874 1368 2938; x_wconf 88' lang='lat' dir='ltr'>dubium</span> <span class='ocrx_word' id='word_1_206' title='bbox 1433 2874 1558 2938; x_wconf 83' lang='lat' dir='ltr'>erit</span> <span class='ocrx_word' id='word_1_207' title='bbox 1613 2874 1869 2960; x_wconf 82' lang='lat' dir='ltr'>opinor,</span> <span class='ocrx_word' id='word_1_208' title='bbox 1933 2897 2062 2960; x_wconf 90' lang='lat' dir='ltr'>quo</span> <span class='ocrx_word' id='word_1_209' title='bbox 2118 2897 2195 2939; x_wconf 86' lang='lat' dir='ltr'>ex</span> <span class='ocrx_word' id='word_1_210' title='bbox 2250 2874 2586 2959; x_wconf 84' lang='lat' dir='ltr'>gymnasio</span> <span class='ocrx_word' id='word_1_211' title='bbox 2640 2875 2801 2939; x_wconf 83' lang='lat' dir='ltr'>haec</span> 
     </span>
     <span class='ocr_line' id='line_1_25' title="bbox 457 2979 2801 3067; baseline 0 -22"><span class='ocrx_word' id='word_1_212' title='bbox 457 2979 664 3065; x_wconf 88' lang='lat' dir='ltr'>petita</span> <span class='ocrx_word' id='word_1_213' title='bbox 700 2980 849 3065; x_wconf 85' lang='lat' dir='ltr'>sint,</span> <span class='ocrx_word' id='word_1_214' title='bbox 895 2980 1277 3064; x_wconf 86' lang='lat' dir='ltr'>praesertim</span> <span class='ocrx_word' id='word_1_215' title='bbox 1315 3004 1461 3045; x_wconf 88' lang='lat' dir='ltr'>cum</span> <span class='ocrx_word' id='word_1_216' title='bbox 1499 2982 1805 3046; x_wconf 86' lang='lat' dir='ltr'>addamus</span> <span class='ocrx_word' id='word_1_217' title='bbox 1858 3022 1929 3030; x_wconf 89' lang='lat'>—--</span> <span class='ocrx_word' id='word_1_218' title='bbox 1981 2981 2047 3045; x_wconf 90' lang='lat' dir='ltr'>id</span> <span class='ocrx_word' id='word_1_219' title='bbox 2094 2982 2265 3067; x_wconf 90' lang='lat' dir='ltr'>quod</span> <span class='ocrx_word' id='word_1_220' title='bbox 2301 2982 2634 3067; x_wconf 86' lang='lat' dir='ltr'>Kiessling</span> <span class='ocrx_word' id='word_1_221' title='bbox 2669 2982 2801 3046; x_wconf 86' lang='lat' dir='ltr'>iam</span> 
     </span>
     <span class='ocr_line' id='line_1_26' title="bbox 453 3086 1434 3152; baseline -0.001 0"><span class='ocrx_word' id='word_1_222' title='bbox 453 3088 724 3152; x_wconf 85' lang='lat' dir='ltr'>adnotat</span> <span class='ocrx_word' id='word_1_223' title='bbox 757 3124 832 3133; x_wconf 91' lang='lat'>—</span> <span class='ocrx_word' id='word_1_224' title='bbox 867 3089 1226 3151; x_wconf 82' lang='lat' dir='ltr'>extremum</span> <span class='ocrx_word' id='word_1_225' title='bbox 1271 3086 1434 3151; x_wconf 87' lang='lat' dir='ltr'>illud</span> 
     </span>
    </p>

    <p class='ocr_par' dir='ltr' id='par_1_9' title="bbox 452 3192 2803 4565">
     <span class='ocr_line' id='line_1_27' title="bbox 842 3192 2421 3280; baseline 0 -20"><span class='ocrx_word' id='word_1_226' title='bbox 842 3196 1035 3260; x_wconf 71' lang='grc' dir='ltr'><em>λύσει·</em></span> <span class='ocrx_word' id='word_1_227' title='bbox 1074 3194 1152 3279; x_wconf 88' lang='grc' dir='ltr'>μ’</span> <span class='ocrx_word' id='word_1_228' title='bbox 1200 3194 1235 3261; x_wconf 99' lang='lat'>6</span> <span class='ocrx_word' id='word_1_229' title='bbox 1283 3196 1540 3279; x_wconf 85' lang='grc' dir='ltr'><em>δαίμων</em></span> <span class='ocrx_word' id='word_1_230' title='bbox 1585 3193 1814 3280; x_wconf 83' lang='grc' dir='ltr'>αὐτός,</span> <span class='ocrx_word' id='word_1_231' title='bbox 1860 3197 2021 3262; x_wconf 79' lang='grc' dir='ltr'><em>ὅταν</em></span> <span class='ocrx_word' id='word_1_232' title='bbox 2066 3196 2195 3279; x_wconf 81' lang='grc' dir='ltr'>ἐγὼ</span> <span class='ocrx_word' id='word_1_233' title='bbox 2241 3192 2421 3261; x_wconf 83' lang='grc' dir='ltr'><em>θέλω</em></span> 
     </span>
     <span class='ocr_line' id='line_1_28' title="bbox 453 3300 2800 3387; baseline -0 -20"><span class='ocrx_word' id='word_1_234' title='bbox 453 3303 676 3368; x_wconf 88' lang='lat' dir='ltr'>eodem</span> <span class='ocrx_word' id='word_1_235' title='bbox 721 3324 849 3387; x_wconf 88' lang='lat' dir='ltr'>quo</span> <span class='ocrx_word' id='word_1_236' title='bbox 888 3302 1059 3387; x_wconf 83' lang='lat' dir='ltr'>apud</span> <span class='ocrx_word' id='word_1_237' title='bbox 1096 3300 1444 3367; x_wconf 86' lang='lat' dir='ltr'>Horatium</span> <span class='ocrx_word' id='word_1_238' title='bbox 1490 3303 1680 3368; x_wconf 84' lang='lat' dir='ltr'>modo</span> <span class='ocrx_word' id='word_1_239' title='bbox 1727 3303 1795 3367; x_wconf 90' lang='lat' dir='ltr'>in</span> <span class='ocrx_word' id='word_1_240' title='bbox 1833 3303 1999 3368; x_wconf 89' lang='lat' dir='ltr'>Plut.</span> <span class='ocrx_word' id='word_1_241' title='bbox 2041 3325 2106 3368; x_wconf 85' lang='grc' dir='ltr'>π.</span> <span class='ocrx_word' id='word_1_242' title='bbox 2146 3304 2383 3387; x_wconf 82' lang='grc' dir='ltr'><em>εὐθυμ.</em></span> <span class='ocrx_word' id='word_1_243' title='bbox 2422 3324 2553 3387; x_wconf 88' lang='lat' dir='ltr'>cap.</span> <span class='ocrx_word' id='word_1_244' title='bbox 2600 3304 2679 3368; x_wconf 88' lang='lat'>18</span> <span class='ocrx_word' id='word_1_245' title='bbox 2720 3303 2800 3366; x_wconf 90' lang='lat' dir='ltr'>ad</span> 
     </span>
     <span class='ocr_line' id='line_1_29' title="bbox 455 3407 2801 3475; baseline -0 -1"><span class='ocrx_word' id='word_1_246' title='bbox 455 3414 730 3475; x_wconf 88' lang='lat' dir='ltr'>mortem</span> <span class='ocrx_word' id='word_1_247' title='bbox 771 3407 1208 3475; x_wconf 81' lang='lat' dir='ltr'>voluntariam</span> <span class='ocrx_word' id='word_1_248' title='bbox 1245 3408 1486 3474; x_wconf 88' lang='lat' dir='ltr'>referri.</span> <span class='ocrx_word' id='word_1_249' title='bbox 1562 3410 1654 3475; x_wconf 89' lang='lat' dir='ltr'>Ut</span> <span class='ocrx_word' id='word_1_250' title='bbox 1696 3433 1843 3475; x_wconf 84' lang='lat' dir='ltr'>vero</span> <span class='ocrx_word' id='word_1_251' title='bbox 1882 3410 1960 3474; x_wconf 89' lang='lat' dir='ltr'>de</span> <span class='ocrx_word' id='word_1_252' title='bbox 1998 3409 2194 3474; x_wconf 85' lang='lat' dir='ltr'>exilio</span> <span class='ocrx_word' id='word_1_253' title='bbox 2222 3408 2347 3473; x_wconf 90' lang='lat' dir='ltr'>hoc</span> <span class='ocrx_word' id='word_1_254' title='bbox 2382 3429 2547 3474; x_wconf 80' lang='lat' dir='ltr'>mors</span> <span class='ocrx_word' id='word_1_255' title='bbox 2574 3411 2801 3475; x_wconf 73' lang='lat' dir='ltr'>ultima</span> 
     </span>
     <span class='ocr_line' id='line_1_30' title="bbox 457 3515 2797 3602; baseline 0 -21"><span class='ocrx_word' id='word_1_256' title='bbox 457 3519 620 3582; x_wconf 78' lang='lat' dir='ltr'>linea</span> <span class='ocrx_word' id='word_1_257' title='bbox 662 3524 931 3583; x_wconf 77' lang='lat' dir='ltr'>rerumst</span> <span class='ocrx_word' id='word_1_258' title='bbox 972 3517 1210 3583; x_wconf 88' lang='lat' dir='ltr'>dicitur</span> <span class='ocrx_word' id='word_1_259' title='bbox 1255 3516 1326 3581; x_wconf 94' lang='lat' dir='ltr'>in</span> <span class='ocrx_word' id='word_1_260' title='bbox 1372 3516 1520 3581; x_wconf 78' lang='lat' dir='ltr'>diss,</span> <span class='ocrx_word' id='word_1_261' title='bbox 1562 3515 1769 3601; x_wconf 86' lang='lat' dir='ltr'>Epict.</span> <span class='ocrx_word' id='word_1_262' title='bbox 1798 3516 1885 3602; x_wconf 88' lang='grc' dir='ltr'>ΙΙ,</span> <span class='ocrx_word' id='word_1_263' title='bbox 1915 3519 1973 3601; x_wconf 89' lang='grc'>6,</span> <span class='ocrx_word' id='word_1_264' title='bbox 2004 3518 2089 3582; x_wconf 89' lang='grc'>22</span> <span class='ocrx_word' id='word_1_265' title='bbox 2136 3521 2330 3602; x_wconf 88' lang='lat' dir='ltr'>atque</span> <span class='ocrx_word' id='word_1_266' title='bbox 2374 3516 2797 3581; x_wconf 72' lang='lat' dir='ltr'>similitudine</span> 
     </span>
     <span class='ocr_line' id='line_1_31' title="bbox 459 3622 2799 3712; baseline 0.001 -25"><span class='ocrx_word' id='word_1_267' title='bbox 459 3625 686 3688; x_wconf 85' lang='lat' dir='ltr'>domus</span> <span class='ocrx_word' id='word_1_268' title='bbox 733 3628 1040 3689; x_wconf 85' lang='lat' dir='ltr'>exornata</span> <span class='ocrx_word' id='word_1_269' title='bbox 1084 3624 1136 3710; x_wconf 93' lang='grc' dir='ltr'>Ι,</span> <span class='ocrx_word' id='word_1_270' title='bbox 1164 3626 1268 3710; x_wconf 78' lang='grc'>25,</span> <span class='ocrx_word' id='word_1_271' title='bbox 1310 3626 1389 3690; x_wconf 85' lang='grc'>17</span> <span class='ocrx_word' id='word_1_272' title='bbox 1423 3648 1513 3710; x_wconf 88' lang='lat' dir='ltr'>sq.</span> <span class='ocrx_word' id='word_1_273' title='bbox 1556 3622 1665 3712; x_wconf 87' lang='lat' dir='ltr'>(ne</span> <span class='ocrx_word' id='word_1_274' title='bbox 1714 3624 1867 3710; x_wconf 89' lang='lat' dir='ltr'>quid</span> <span class='ocrx_word' id='word_1_275' title='bbox 1916 3628 2175 3689; x_wconf 87' lang='lat' dir='ltr'>coactus</span> <span class='ocrx_word' id='word_1_276' title='bbox 2212 3623 2413 3688; x_wconf 83' lang='lat' dir='ltr'>facias</span> <span class='ocrx_word' id='word_1_277' title='bbox 2450 3622 2603 3709; x_wconf 82' lang='grc' dir='ltr'><em>μηδ’</em></span> <span class='ocrx_word' id='word_1_278' title='bbox 2638 3625 2799 3691; x_wconf 83' lang='grc' dir='ltr'><strong><em>ὑπο-</em></strong></span> 
     </span>
     <span class='ocr_line' id='line_1_32' title="bbox 457 3728 2799 3817; baseline -0 -21"><span class='ocrx_word' id='word_1_279' title='bbox 457 3730 814 3815; x_wconf 78' lang='grc' dir='ltr'><em>λαμβάνων</em></span> <span class='ocrx_word' id='word_1_280' title='bbox 869 3729 944 3796; x_wconf 81' lang='grc' dir='ltr'>ἐν</span> <span class='ocrx_word' id='word_1_281' title='bbox 1003 3744 1228 3809; x_wconf 80' lang='grc' dir='ltr'><strong><em>κακοῖς</em></strong></span> <span class='ocrx_word' id='word_1_282' title='bbox 1292 3728 1491 3797; x_wconf 84' lang='grc' dir='ltr'><em>εἶναι·</em></span> <span class='ocrx_word' id='word_1_283' title='bbox 1557 3741 1754 3797; x_wconf 82' lang='grc' dir='ltr'><strong><em>τοῦτο</em></strong></span> <span class='ocrx_word' id='word_1_284' title='bbox 1819 3732 1945 3817; x_wconf 77' lang='grc' dir='ltr'>γὰρ</span> <span class='ocrx_word' id='word_1_285' title='bbox 2011 3732 2235 3808; x_wconf 87' lang='grc' dir='ltr'><em>οὐδείς</em></span> <span class='ocrx_word' id='word_1_286' title='bbox 2297 3747 2371 3795; x_wconf 90' lang='grc' dir='ltr'>σε</span> <span class='ocrx_word' id='word_1_287' title='bbox 2432 3730 2799 3814; x_wconf 80' lang='grc' dir='ltr'><em>ἀναγκάζει.</em></span> 
     </span>
     <span class='ocr_line' id='line_1_33' title="bbox 456 3836 2801 3926; baseline 0 -24"><span class='ocrx_word' id='word_1_288' title='bbox 456 3839 736 3903; x_wconf 85' lang='grc' dir='ltr'><em>Καπνὸν</em></span> <span class='ocrx_word' id='word_1_289' title='bbox 780 3840 1134 3920; x_wconf 82' lang='grc' dir='ltr'><em>πεποίηκεν</em></span> <span class='ocrx_word' id='word_1_290' title='bbox 1180 3836 1252 3903; x_wconf 84' lang='grc' dir='ltr'>ἐν</span> <span class='ocrx_word' id='word_1_291' title='bbox 1297 3849 1388 3926; x_wconf 76' lang='grc' dir='ltr'>τῷ</span> <span class='ocrx_word' id='word_1_292' title='bbox 1435 3840 1768 3923; x_wconf 83' lang='grc' dir='ltr'><em>οἰκήματι;</em></span> <span class='ocrx_word' id='word_1_293' title='bbox 1816 3839 1899 3905; x_wconf 77' lang='grc' dir='ltr'>ἂν</span> <span class='ocrx_word' id='word_1_294' title='bbox 1935 3838 2227 3925; x_wconf 81' lang='grc' dir='ltr'><em>μέτριον,</em></span> <span class='ocrx_word' id='word_1_295' title='bbox 2272 3848 2476 3921; x_wconf 81' lang='grc' dir='ltr'><em>μενῶ·</em></span> <span class='ocrx_word' id='word_1_296' title='bbox 2525 3836 2609 3901; x_wconf 74' lang='grc' dir='ltr'>ἂν</span> <span class='ocrx_word' id='word_1_297' title='bbox 2647 3841 2801 3903; x_wconf 85' lang='grc' dir='ltr'><em>λίαν</em></span> 
     </span>
     <span class='ocr_line' id='line_1_34' title="bbox 453 3942 2799 4032; baseline -0 -21"><span class='ocrx_word' id='word_1_298' title='bbox 453 3945 690 4026; x_wconf 85' lang='grc' dir='ltr'><em>πολύν,</em></span> <span class='ocrx_word' id='word_1_299' title='bbox 725 3942 1084 4029; x_wconf 81' lang='grc' dir='ltr'><em>ἐξέρχομαι.</em></span> <span class='ocrx_word' id='word_1_300' title='bbox 1155 3946 1409 4023; x_wconf 85' lang='lat' dir='ltr'>Iuberis</span> <span class='ocrx_word' id='word_1_301' title='bbox 1436 3967 1570 4011; x_wconf 88' lang='grc'><strong>11011</strong></span> <span class='ocrx_word' id='word_1_302' title='bbox 1595 3946 1901 4032; x_wconf 87' lang='lat' dir='ltr'>Nicopoli</span> <span class='ocrx_word' id='word_1_303' title='bbox 1928 3970 2061 4011; x_wconf 91' lang='lat' dir='ltr'>non</span> <span class='ocrx_word' id='word_1_304' title='bbox 2087 3946 2333 4011; x_wconf 83' lang='lat' dir='ltr'>Romae</span> <span class='ocrx_word' id='word_1_305' title='bbox 2360 3967 2494 4009; x_wconf 89' lang='lat' dir='ltr'>non</span> <span class='ocrx_word' id='word_1_306' title='bbox 2524 3945 2799 4010; x_wconf 88' lang='lat' dir='ltr'>Athenis</span> 
     </span>
     <span class='ocr_line' id='line_1_35' title="bbox 452 4048 2800 4139; baseline 0.001 -24"><span class='ocrx_word' id='word_1_307' title='bbox 452 4050 767 4136; x_wconf 80' lang='lat' dir='ltr'>habitare,</span> <span class='ocrx_word' id='word_1_308' title='bbox 816 4051 928 4115; x_wconf 88' lang='lat' dir='ltr'>sed</span> <span class='ocrx_word' id='word_1_309' title='bbox 965 4051 1225 4139; x_wconf 78' lang='lat' dir='ltr'>Gyaris:</span> <span class='ocrx_word' id='word_1_310' title='bbox 1274 4056 1452 4118; x_wconf 83' lang='grc' dir='ltr'><strong><em>οἰκῶ.</em></strong></span> <span class='ocrx_word' id='word_1_311' title='bbox 1485 4090 1549 4099; x_wconf 83' lang='grc'><strong>-</strong></span> <span class='ocrx_word' id='word_1_312' title='bbox 1589 4048 1777 4119; x_wconf 66' lang='grc' dir='ltr'><em>ἄλλα</em></span> <span class='ocrx_word' id='word_1_313' title='bbox 1801 4055 2011 4131; x_wconf 87' lang='grc' dir='ltr'><strong><em>πολύς</em></strong></span> <span class='ocrx_word' id='word_1_314' title='bbox 2055 4077 2168 4138; x_wconf 92' lang='grc' dir='ltr'>μοι</span> <span class='ocrx_word' id='word_1_315' title='bbox 2204 4053 2457 4129; x_wconf 83' lang='grc' dir='ltr'><em>κάπνος</em></span> <span class='ocrx_word' id='word_1_316' title='bbox 2493 4056 2800 4136; x_wconf 87' lang='grc' dir='ltr'><em>φαίνεται</em></span> 
     </span>
     <span class='ocr_line' id='line_1_36' title="bbox 453 4157 2803 4247; baseline 0.001 -24"><span class='ocrx_word' id='word_1_317' title='bbox 453 4161 527 4224; x_wconf 87' lang='grc' dir='ltr'>τὸ</span> <span class='ocrx_word' id='word_1_318' title='bbox 567 4158 639 4224; x_wconf 84' lang='grc' dir='ltr'>ἐν</span> <span class='ocrx_word' id='word_1_319' title='bbox 679 4158 967 4243; x_wconf 89' lang='grc' dir='ltr'><em>Γυάροις</em></span> <span class='ocrx_word' id='word_1_320' title='bbox 1003 4160 1236 4224; x_wconf 80' lang='grc' dir='ltr'><em>οἰκεῖν·</em></span> <span class='ocrx_word' id='word_1_321' title='bbox 1275 4160 1617 4247; x_wconf 82' lang='grc' dir='ltr'><em>άποχωρῶ,</em></span> <span class='ocrx_word' id='word_1_322' title='bbox 1657 4160 1825 4225; x_wconf 81' lang='grc' dir='ltr'><strong><em>ὅπου</em></strong></span> <span class='ocrx_word' id='word_1_323' title='bbox 1862 4157 1931 4244; x_wconf 88' lang='grc' dir='ltr'>μ’</span> <span class='ocrx_word' id='word_1_324' title='bbox 1965 4158 2187 4236; x_wconf 83' lang='grc' dir='ltr'><em>οὐδεὶς</em></span> <span class='ocrx_word' id='word_1_325' title='bbox 2219 4160 2503 4224; x_wconf 79' lang='grc' dir='ltr'><em>κωλύσει</em></span> <span class='ocrx_word' id='word_1_326' title='bbox 2542 4157 2803 4245; x_wconf 80' lang='grc' dir='ltr'>οἰκεῖν),</span> 
     </span>
     <span class='ocr_line' id='line_1_37' title="bbox 455 4251 2801 4353; baseline 0.001 -24"><span class='ocrx_word' id='word_1_327' title='bbox 455 4266 548 4329; x_wconf 89' lang='lat' dir='ltr'>ita</span> <span class='ocrx_word' id='word_1_328' title='bbox 583 4266 763 4351; x_wconf 91' lang='lat' dir='ltr'>prior</span> <span class='ocrx_word' id='word_1_329' title='bbox 798 4266 915 4330; x_wconf 87' lang='lat' dir='ltr'>illa</span> <span class='ocrx_word' id='word_1_330' title='bbox 949 4264 1118 4331; x_wconf 86' lang='lat' dir='ltr'>ratio</span> <span class='ocrx_word' id='word_1_331' title='bbox 1155 4265 1224 4329; x_wconf 90' lang='lat' dir='ltr'>in</span> <span class='ocrx_word' id='word_1_332' title='bbox 1262 4266 1486 4331; x_wconf 89' lang='lat' dir='ltr'>eodem</span> <span class='ocrx_word' id='word_1_333' title='bbox 1523 4251 1869 4331; x_wconf 86' lang='lat' dir='ltr'>adhibetur</span> <span class='ocrx_word' id='word_1_334' title='bbox 1905 4265 2072 4353; x_wconf 79' lang='lat' dir='ltr'>(I„1‚</span> <span class='ocrx_word' id='word_1_335' title='bbox 2102 4265 2247 4353; x_wconf 83' lang='grc'>22);</span> <span class='ocrx_word' id='word_1_336' title='bbox 2286 4267 2801 4350; x_wconf 78' lang='grc' dir='ltr'><em>φυγαδευθῆναι</em></span> 
     </span>
     <span class='ocr_line' id='line_1_38' title="bbox 457 4367 2799 4457; baseline 0.001 -21"><span class='ocrx_word' id='word_1_337' title='bbox 457 4370 565 4455; x_wconf 84' lang='grc' dir='ltr'>(με</span> <span class='ocrx_word' id='word_1_338' title='bbox 611 4373 716 4436; x_wconf 86' lang='grc' dir='ltr'>δεῖ</span> <span class='ocrx_word' id='word_1_339' title='bbox 759 4369 950 4456; x_wconf 77' lang='lat' dir='ltr'>scil.);</span> <span class='ocrx_word' id='word_1_340' title='bbox 996 4373 1187 4455; x_wconf 80' lang='grc' dir='ltr'><em>μήτις</em></span> <span class='ocrx_word' id='word_1_341' title='bbox 1232 4367 1356 4437; x_wconf 81' lang='grc' dir='ltr'>οὖν</span> <span class='ocrx_word' id='word_1_342' title='bbox 1396 4374 1679 4438; x_wconf 81' lang='grc' dir='ltr'><em>κωλύσει</em></span> <span class='ocrx_word' id='word_1_343' title='bbox 1725 4376 2073 4455; x_wconf 78' lang='grc' dir='ltr'><em>γελῶντα</em></span> <span class='ocrx_word' id='word_1_344' title='bbox 2118 4370 2245 4436; x_wconf 86' lang='grc' dir='ltr'>καὶ</span> <span class='ocrx_word' id='word_1_345' title='bbox 2294 4371 2799 4457; x_wconf 82' lang='grc' dir='ltr'><em>εὐθυμοῦντα</em></span> 
     </span>
     <span class='ocr_line' id='line_1_39' title="bbox 458 4475 2799 4565; baseline 0.003 -25"><span class='ocrx_word' id='word_1_346' title='bbox 458 4475 582 4541; x_wconf 83' lang='grc' dir='ltr'>καὶ</span> <span class='ocrx_word' id='word_1_347' title='bbox 631 4477 1012 4563; x_wconf 83' lang='grc' dir='ltr'><em>εὐροῦντα</em></span> <span class='ocrx_word' id='word_1_348' title='bbox 1059 4476 1166 4565; x_wconf 82' lang='lat' dir='ltr'>(cf.</span> <span class='ocrx_word' id='word_1_349' title='bbox 1204 4479 1255 4565; x_wconf 94' lang='grc' dir='ltr'>Ι,</span> <span class='ocrx_word' id='word_1_350' title='bbox 1284 4480 1388 4564; x_wconf 87' lang='grc'>29,</span> <span class='ocrx_word' id='word_1_351' title='bbox 1419 4481 1486 4563; x_wconf 79' lang='lat'>63</span> <span class='ocrx_word' id='word_1_352' title='bbox 1531 4482 1867 4563; x_wconf 88' lang='lat' dir='ltr'>praeterea</span> <span class='ocrx_word' id='word_1_353' title='bbox 1914 4501 2076 4564; x_wconf 84' lang='lat' dir='ltr'>quae</span> <span class='ocrx_word' id='word_1_354' title='bbox 2122 4480 2200 4545; x_wconf 89' lang='lat' dir='ltr'>de</span> <span class='ocrx_word' id='word_1_355' title='bbox 2237 4478 2541 4547; x_wconf 85' lang='lat' dir='ltr'>Helvidio</span> <span class='ocrx_word' id='word_1_356' title='bbox 2578 4479 2799 4547; x_wconf 86' lang='lat' dir='ltr'>Prisco</span> 
     </span>
    </p>
   </div>
  </div>
 </body>
</html>
