3309 5167
1509 425 1936 489 -68-

557 587 833 651 alterum
861 585 1357 671 apophthegma,
1393 589 1469 649 ut
1498 606 1847 669 cognoscas
1875 605 2008 649 non
2036 605 2286 667 semper
2310 583 2504 648 fidem
2529 582 2892 647 habendam

555 716 696 758 esse
744 693 837 759 eis
881 692 1254 758 nominibus
1304 714 1466 777 quae
1503 690 1693 756 dictis
1730 690 1863 755 illis
1899 691 2184 776 praefixa
2217 690 2537 775 leguntur.
2615 688 2685 755 Si
2722 689 2892 754 enim

557 800 725 885 apud
761 798 971 864 Laert.
1001 799 1188 885 Diog.
1219 798 1332 885 VI,
1362 800 1446 865 29
1494 798 1572 863 de
1609 797 1901 883 Diogene
1942 796 2175 883 legeris
2213 796 2395 861 haec:
2444 794 2667 882 ἐπῄνει
2712 800 2895 875 τοὺς

555 906 988 992 μέλλοντας
1023 917 1305 991 γαμεῖν
1339 904 1449 972 καὶ
1487 931 1583 991 μη
1620 916 1930 991 γαμεῖν,
1970 903 2079 971 καὶ
2116 908 2273 982 τοὺς
2307 902 2667 989 μέλλοντας
2700 928 2893 970 κατα-

553 1020 749 1083 πλεῖν
791 1012 901 1079 καὶ
946 1015 1034 1099 μὴ
1077 1019 1453 1097 καταπλεῖν,
1497 1011 1608 1079 καὶ
1647 1016 1833 1091 τοὺς
1867 1011 2295 1097 μέλλοντας
2329 1012 2892 1077 πολιτεύεσθαι

557 1119 668 1189 καὶ
713 1122 810 1206 μὴ
856 1122 1451 1205 πολιτεύεσθαι,
1503 1117 1614 1186 καὶ
1658 1123 1819 1197 τοὺς
1862 1121 2341 1205 παιδοτροφεῖν
2384 1116 2494 1184 καὶ
2541 1118 2628 1203 μὴ
2664 1120 2893 1184 παιδο-

553 1240 860 1315 τροφεῖν,
941 1226 1052 1294 καὶ
1123 1232 1307 1306 τοὺς
1377 1225 2216 1314 παρασκευαζομένους
2278 1229 2667 1310 συμβιοῦν
2730 1236 2896 1302 τοῖς

556 1335 914 1412 δυνάσταις
948 1332 1058 1400 καὶ
1095 1335 1191 1419 μὴ
1229 1337 1745 1421 προσιόντας,
1780 1355 1913 1400 non
1949 1332 2185 1398 veteris
2224 1337 2291 1397 et
2317 1354 2466 1397 vere
2496 1329 2721 1417 Cynici
2758 1354 2897 1397 esse

557 1442 782 1509 statim
829 1441 1170 1507 adnotabis
1219 1463 1327 1507 eos
1373 1441 1663 1527 laudare,
1720 1440 1833 1528 qui
1878 1440 2178 1506 omnibus
2228 1439 2723 1525 qualescumque
2770 1437 2897 1505 sibi

557 1549 910 1613 offerantur
946 1548 1138 1613 rebus
1175 1552 1444 1613 utantur
1457 1548 1534 1637 ¹):
1573 1548 1749 1615 canis
1782 1548 1894 1613 ille
1922 1548 2186 1613 vetabat
2215 1569 2603 1632 quemquam
2630 1528 2897 1611 uxorem

553 1656 812 1739 ducere,
876 1655 958 1719 ad
1012 1677 1147 1719 rem
1203 1654 1531 1738 publicam
1594 1654 1917 1739 accedere,
1982 1654 2444 1719 consuetudine
2499 1675 2725 1739 regum
2780 1652 2893 1718 uti.

557 1760 1039 1827 Confirmantur
1105 1766 1323 1827 autem
1387 1784 1550 1847 quae
1617 1762 1695 1825 de
1760 1760 2008 1847 ori-gine
2072 1760 2639 1848 apophthegmatis
2702 1760 2896 1825 huius

556 1868 869 1954 suspicati
914 1880 1152 1934 sumus'
1184 1890 1260 1935 eo
1308 1869 1480 1954 quod
1527 1867 1768 1934 similia
1811 1868 1883 1932 in
1924 1867 2289 1934 Aristoneis
2337 1868 2634 1953 redeunt,
2682 1889 2899 1952 quam-

555 1976 654 2041 vis
711 1975 978 2060 paulum
1033 1975 1282 2041 variata
1343 1976 1438 2041 ita
1493 1980 1568 2041 ut
1622 1975 2074 2061 vituperemur
2138 1975 2526 2041 contrariam
2582 1974 2898 2041 rationem

555 2087 925 2168 sequentes:
983 2079 1076 2169 (π.
1115 2080 1352 2167 εὐθυμ.
1401 2105 1452 2147 c.
1491 2080 1562 2171 3)
1619 2085 1697 2148 τὸ
1753 2108 1840 2167 μη
1898 2084 2234 2148 δύνασθαι
2288 2080 2441 2167 μηδ’
2504 2081 2898 2148 ἐπίστασθαι

556 2197 846 2275 χρῆσθαι
882 2200 1024 2266 τοῖς
1059 2198 1389 2277 παροῦσιν
1427 2191 1652 2276 ὀρθῶς
1677 2226 1751 2237 --
1780 2198 1988 2255 ταῦτα
2024 2188 2135 2257 καὶ
2172 2191 2708 2274 γεγαμηκότας
2743 2187 2929 2277 ἀνιᾷ-

555 2294 666 2361 καὶ
720 2294 1095 2381 ἀγάμους·
1151 2298 1264 2362 διὰ
1306 2305 1513 2363 ταῦτα
1559 2298 1947 2382 φεύγουσι
1992 2299 2133 2363 τᾶν
2178 2294 2508 2384 ἀγοράν,
2565 2292 2706 2362 εἶτα
2758 2298 2900 2381 τὴν

555 2402 890 2487 ἡσυχίαν
944 2400 1036 2469 οὐ
1089 2402 1450 2489 φέρουσι·
1517 2405 1628 2469 διά
1687 2412 1893 2469 ταῦτα
1947 2406 2411 2490 προαγωγὰς
2475 2402 2557 2470 ἐν
2620 2402 2901 2482 αὐλαῖς

559 2510 935 2575 διώκουσι
988 2506 1099 2575 καὶ
1152 2513 1693 2597 παρελθόντες
1748 2508 1957 2588 εὐθὺς
2010 2508 2580 2598 βαρύνονται.”)
2669 2510 2898 2596 Neque

557 2616 727 2701 apud
799 2616 1175 2681 recentioris
1241 2617 1471 2682 aetatis
1535 2616 1987 2703 philosophos,
2062 2617 2297 2703 quibus
2364 2617 2610 2703 aliquid
2674 2616 2901 2703 Cynici

559 2723 887 2809 adhaeret,
934 2724 1057 2788 hac
1101 2724 1352 2789 ratione
1399 2724 1716 2809 disposita
1759 2724 2018 2811 desunt3
2064 2724 2371 2810 leguntur
2416 2724 2588 2789 enim
2632 2722 2702 2788 in
2748 2724 2896 2789 diss,

554 2830 771 2915 ,Epict
810 2830 893 2915 II,
935 2831 1036 2915 16,
1069 2832 1156 2896 42
1201 2831 1386 2918 haec,
1434 2854 1596 2917 quae
1642 2831 1782 2897 Deo
1831 2831 2040 2897 dicere
2085 2831 2415 2896 hominem
2460 2830 2625 2895 vult:
2672 2832 2901 2917 ἄρχειν

560 2961 640 3022 με
703 2935 956 3020 θέλεις,
1022 2938 1418 3004 ἰδιωτεύειν·
1482 2937 1739 3023 μένειν,
1794 2940 2095 3023 φεύγειν·
2156 2937 2507 3022 πένεσθαι,
2551 2942 2899 3017 ’πλουτεῖνς

557 3043 687 3127 ἐγώ
744 3062 850 3109 σοι
903 3039 1070 3129 ὑπὲρ
1125 3043 1439 3111 ἁπάντων
1492 3047 1661 3132 πρὸς
1714 3044 1885 3123 τοὺς,
1926 3043 2328 3132 ἀνθρώπους
2383 3042 2892 3131 ἀπολογήσομαι,

560 3149 752 3229 δείξω
788 3175 910 3234 την
947 3148 1224 3216 ἑκάστου
1263 3154 1471 3237 φύσιν
1507 3154 1616 3218 οἵα
1655 3151 1864 3233 ἐστίν;
1901 3174 2294 3238 quamquam
2323 3174 2587 3217 manum
2614 3150 2889 3217 Musonii

559 3257 664 3323 vel
717 3256 1004 3342 Epicteti
1060 3263 1410 3324 novantem
1468 3281 1662 3328 nemo
1728 3263 1828 3324 est
1892 3259 2051 3345 quin
2104 3262 2475 3343 cognoscat:
2543 3282 2675 3324 non
2729 3257 2897 3323 enim

556 3364 754 3429 homo
819 3369 893 3429 ut
961 3387 1079 3449 per
1140 3364 1345 3451 ipsius
1408 3365 1720 3433 virtutem
1784 3367 1976 3431 rebus
2040 3364 2139 3429 uti
2200 3364 2411 3450 possit
2474 3365 2717 3452 studet,
2790 3366 2900 3431 sed

708 3577 759 3645 1)
794 3574 957 3630 Hunc
1001 3574 1184 3630 inesse
1225 3575 1412 3631 verbis
1451 3593 1675 3630 sensnm
1712 3592 1743 3631 e
1778 3578 2064 3647 postrema
2097 3577 2258 3645 parte
2297 3575 2504 3647 elucet,
2553 3595 2680 3633 cum
2714 3578 2904 3648 priora

565 3664 738 3719 etiam
773 3663 858 3718 ita
893 3663 1141 3733 intelligi
1175 3664 1419 3734 possint,
1467 3667 1531 3719 ut
1566 3664 1846 3735 Diogenes
1884 3666 1943 3719 et
1978 3681 2075 3719 eos
2111 3666 2376 3721 laudasse
2413 3668 2672 3722 narretur
2708 3667 2806 3737 qui
2842 3667 2904 3721 in

561 3752 982 3807 matrimonium
1019 3752 1228 3806 ducant
1263 3754 1324 3805 et
1359 3767 1454 3805 eos
1492 3751 1590 3820 qui
1626 3768 1739 3805 non
1778 3752 1989 3806 ducant
2026 3769 2073 3807 e.
2103 3770 2155 3822 q.
2186 3771 2257 3823 sq
2294 3755 2509 3810 ultimis
2545 3773 2679 3812 vero
2714 3757 2901 3812 verbis

560 3842 706 3897 nihil
741 3841 901 3897 aliud
939 3839 1244 3912 significari
1279 3842 1468 3911 potest
1502 3840 1615 3894 nisi
1650 3840 1880 3895 laudari
1916 3834 2010 3895 eos
2040 3842 2138 3911 qui
2166 3860 2279 3897 una
2308 3860 2432 3897 cum
2458 3843 2685 3914 regibus
2712 3844 2903 3899 vivere

560 3933 786 4002 praesto
826 3930 964 3999 sint,
1001 3946 1115 3984 non
1149 3931 1341 3984 tamen
1377 3929 1525 3983 ultro
1563 3929 1788 3985 adeant.
1862 3930 2060 4002 Aliter,
2106 3950 2289 4003 neque
2324 3936 2517 3988 tamen
2552 3932 2758 3989 rectius
2795 3935 2903 3990 hoc

562 4019 844 4075 intellexit
897 4018 1186 4073 Turnebus
1253 4018 1426 4088 (‚,qui
1481 4017 1665 4073 sciant
1720 4036 1845 4074 cum
1900 4020 2127 4091 regibus
2180 4020 2394 4091 vivere,
2461 4022 2560 4077 sed
2615 4040 2901 4093 nunquam

563 4109 857 4178 adeant“)‚
901 4106 998 4175 qui
1033 4110 1330 4177 propterea
1365 4108 1583 4161 mutare
1620 4108 1852 4163 volebat
1885 4109 2073 4179 priora
2107 4110 2168 4163 in
2203 4111 2332 4174 τοὺς
2368 4108 2666 4181 μέλλοντας
2701 4119 2901 4183 γαμεῖν

563 4198 662 4252 καὶ
699 4197 772 4268 μὴ
809 4204 1181 4267 γαμοῦντας
1218 4213 1265 4253 e.
1295 4215 1347 4266 q.
1379 4215 1420 4253 s,

705 4289 760 4356 2)
796 4285 1006 4341 Locum
1050 4285 1149 4355 qui
1192 4302 1282 4341 me
1327 4286 1554 4357 fugerat
1588 4287 2004 4343 Wachsmuthii
2049 4290 2226 4344 debeo
2264 4287 2621 4343 humanitati.
2662 4320 2728 4329 —-
2766 4288 2904 4344 Cum

563 4375 669 4429 hoc
695 4392 882 4429 rursus
913 4377 1203 4447 comparat
1230 4374 1439 4431 Heinze
1467 4377 1526 4447 (l.
1557 4393 1602 4432 c.
1632 4395 1687 4446 p.
1720 4380 1843 4449 521)
1870 4377 2001 4434 Hor.
2034 4395 2117 4448 ep.
2148 4380 2191 4450 Ι,
2215 4386 2260 4447 1,
2282 4383 2368 4447 87,
2406 4378 2564 4432 cuius
2592 4378 2738 4433 alius
2766 4395 2901 4448 quo-

564 4479 671 4532 que
708 4462 863 4519 locus
901 4467 1009 4535 (ep.
1037 4466 1081 4535 Ι,
1111 4471 1195 4535 17,
1229 4471 1290 4519 11
1307 4468 1450 4535 sqq.)
1488 4468 1619 4535 apte
1658 4466 1938 4535 afferatur,
1977 4466 2076 4520 ubi
2112 4482 2149 4521 a
2176 4466 2601 4522 narratiuncula
2627 4466 2731 4520 illa
2758 4484 2903 4537 quae

563 4554 651 4606 est
688 4551 757 4606 de
794 4552 1082 4624 Aristippo
1122 4556 1179 4609 et
1215 4554 1465 4625 Diogene
1500 4553 1871 4624 proficiscitur
1909 4555 2113 4627 (Laert.
2143 4555 2304 4627 Diog.
2337 4556 2404 4626 II,
2436 4560 2542 4625 68).
