3309 5167
512 530 860 615 inscriptae
907 551 1108 613 quom.
1153 530 1314 595 adol.
1340 534 1500 611 poet.
1537 528 1681 595 aud.
1718 528 1842 594 deb.
1880 550 2013 613 cap.
2048 528 2125 593 11
2170 525 2258 614 (p.
2289 529 2370 594 31
2402 528 2454 593 F
2486 526 2656 617 sqq.)
2684 531 2857 612 post-

513 662 707 723 quam
772 636 1083 721 exemplis
1145 634 1640 721 demonstravit,
1706 635 2029 719 quomodo
2084 634 2199 699 alii
2252 635 2333 699 ad
2389 635 2683 721 physica,
2747 634 2859 700 alii

512 747 592 811 ad
648 744 985 811 dialectica
1037 742 1308 808 Homeri
1361 766 1585 808 versus
1644 742 1984 828 referrent,
2043 765 2187 807 cum
2234 742 2417 808 dicit:
2465 739 2728 827 βέλτιον
2783 738 2857 807 δὲ

509 863 715 919 ταῦτα
770 864 910 929 τοῖς
963 862 1437 938 γραμματικοῖς
1488 848 1819 937 παρέντας
1865 848 2081 914 ἐκεῖνα
2128 854 2381 934 μᾶλλον
2424 848 2701 933 πιέζειν,
2758 840 2858 926 οἷς

511 962 643 1045 ἅμα
689 962 762 1026 τὸ
809 960 1133 1046 χρήσιμον
1168 955 1278 1031 καὶ
1315 959 1612 1023 πιθανὸν
1650 960 1909 1022 ἔνεστιν
1944 956 2025 1021 ad
2062 956 2375 1021 moralem
2411 955 2857 1042 philosophiae

508 1073 762 1153 partem
816 1066 1077 1150 transit,
1133 1070 1328 1149 atque
1381 1066 1665 1149 primum
1719 1064 2030 1130 virtutem
2083 1064 2300 1129 doceri
2352 1087 2543 1149 posse
2589 1064 2858 1129 Homeri

508 1175 806 1241 versibus
852 1175 1088 1259 probat
1131 1172 1310 1239 velut
1355 1172 1470 1237 illo

603 1298 786 1364 Οὐδέ
817 1322 896 1383 με
935 1299 1156 1381 θυμὸς
1192 1299 1470 1381 ἄνωγεν,
1509 1294 1648 1362 ἐπεὶ
1687 1296 1945 1381 μάθον
1988 1298 2261 1381 ἔμμεναι
2300 1295 2539 1374 ἐσθλός
2584 1296 2671 1381 (Ζ
2698 1292 2859 1383 444)

511 1420 615 1509 (ut
681 1421 934 1505 saepius
996 1420 1066 1485 in
1121 1419 1489 1486 Aristoneis
1554 1421 1859 1505 leguntur
1919 1420 2101 1486 talia:
2162 1418 2501 1510 ἀνθρώπῳ
2567 1427 2859 1508 χρῆσθαι

510 1530 1002 1624 μεμαθηκότι
1040 1548 1105 1591 π.
1136 1550 1293 1611 φυγ.
1324 1549 1371 1591 c.
1398 1529 1463 1610 73
1511 1526 1589 1590 cf.
1625 1530 1699 1592 de
1734 1549 1788 1591 v.
1816 1531 1946 1592 etv.
1991 1549 2039 1590 c.
2065 1528 2135 1611 43
2180 1527 2423 1592 Heinze
2452 1529 2495 1593 l.
2516 1552 2564 1593 c.
2595 1552 2654 1613 p.
2676 1526 2857 1614 517).

511 1635 677 1699 Tum
723 1657 756 1699 e
802 1634 1113 1719 versibus,
1161 1656 1438 1718 quorum
1475 1634 1681 1698 altero
1720 1634 1797 1697 de
1834 1632 2141 1717 Neptuno
2180 1638 2245 1698 et
2282 1633 2435 1699 Iove
2471 1635 2629 1700 dicit
2666 1639 2858 1719 poeta

592 1756 788 1825 Ἀλλα
838 1762 1006 1837 Ζεὺς
1049 1761 1368 1845 πρότερος
1413 1760 1673 1840 γεγόνει
1717 1756 1829 1822 καὶ
1874 1762 2205 1823 πλείονα
2251 1756 2377 1844 ᾔδη
2435 1757 2543 1840 (Ν
2568 1757 2746 1845 355),

513 1884 817 1969 efficitur,
875 1908 1021 1949 eum
1066 1889 1295 1968 putare
1341 1887 1695 1950 θειότατον
1733 1934 1748 1949 .
1790 1933 1804 1947 .
1842 1933 1856 1948 .
1894 1884 2034 1967 τὴν
2081 1886 2475 1970 φρόνησιν
2518 1881 2628 1948 καὶ
2675 1889 2861 1969 βασι-

511 1994 892 2075 λικώτατον,
940 1990 1013 2056 έν
1058 1985 1100 2077 ᾗ
1145 1995 1403 2056 τίθεται
1449 1991 1571 2073 τὴν
1608 1993 1923 2075 μεγίστην
1960 1990 2294 2077 ὑπεροχὴν
2338 2001 2458 2057 τοῦ
2495 1993 2684 2074 Διός,
2730 1993 2861 2056 ἅτε

511 2101 600 2183 δὴ
647 2097 776 2164 καὶ
822 2100 956 2175 τὰς
1000 2100 1242 2175 ἄλλας
1287 2093 1568 2184 ἀρετὰς
1613 2098 1946 2164 ἕπεσθαι
1990 2100 2229 2184 ταύτῃ
2267 2102 2623 2183 νομίζων.
2685 2097 2861 2174 Quae

509 2206 579 2271 in
633 2205 1053 2290 sequentibus
1121 2205 1197 2268 de
1254 2204 1526 2289 singulis
1593 2204 1947 2269 virtutibus
2008 2209 2441 2290 exponuntur:
2505 2208 2677 2268 recte
2733 2203 2861 2269 dici

510 2337 654 2378 non.
695 2312 958 2403 mentiri
1013 2335 1160 2376 eum
1214 2311 1327 2396 qui
1381 2313 1554 2395 μάλα
1599 2310 2016 2396 πεπνυμένος
2070 2312 2159 2377 sit
2206 2312 2277 2398 (γ
2314 2313 2417 2377 20.
2465 2310 2643 2397 328),
2689 2316 2862 2375 recte

509 2419 888 2503 vituperari*
918 2418 1342 2483 Antilochum
1397 2442 1436 2482 a
1479 2417 1776 2482 Menelao
1784 2471 1803 2501 ‚
1861 2419 2033 2503 quod
2090 2418 2203 2503 qui
2258 2420 2560 2505 πρόσθεν
2613 2440 2862 2483 πεπνυ-

510 2525 708 2612 μένος
744 2526 941 2590 fuerit
979 2530 1132 2591 tunc
1171 2526 1351 2610 equis
1389 2526 1683 2590 nocuerit
1723 2523 1838 2614 (Ψ
1861 2526 2037 2610 570),
2085 2524 2401 2591 Glaucum
2438 2526 2519 2589 ab
2557 2526 2859 2610 Hectore,

511 2634 683 2719 quod
721 2646 900 2709 τοῖος
939 2632 1066 2697 ε’ὼν
1103 2630 1483 2715 ὑπέροπλον
1521 2630 1773 2715 dixerit,
1813 2654 2005 2715 quem
2042 2631 2383 2697 crediderit
2418 2630 2569 2719 περὶ
2608 2630 2862 2719 φρένας

513 2744 785 2826 ἔμμεναι
832 2742 1054 2804 ἄλλων
1091 2736 1182 2825 (P
1225 2735 1397 2825 170),
1445 2737 1534 2815 ὡς
1581 2740 1734 2803 οὔτε
1788 2737 2224 2823 ψευδομένων
2268 2750 2403 2805 τῶν
2450 2743 2861 2825 φρονίμων

510 2850 664 2913 οὔτε
718 2848 1270 2932 κακομαχούντων
1318 2844 1391 2909 ἐν
1444 2856 1584 2922 τοῖς
1638 2842 1893 2927 ἀγῶσιν
1948 2846 2101 2910 οὔτε
2153 2840 2309 2932 παρ’
2366 2840 2558 2925 ἀξίαν
2614 2844 2862 2931 ἑτέροις

512 2954 990 3038 ἐγκαλούντων,
1019 2952 1085 3018 id
1114 2952 1286 3037 quod
1314 2951 1675 3017 iustitiae
1711 2952 1973 3017 nomine
2012 2952 2602 3037 comprehenditur3
2632 2958 2858 3018 contra

510 3062 878 3127 Pandorum
934 3062 1046 3125 διὰ
1091 3060 1232 3143 την
1277 3059 1740 3145 ἀφροσύνην
1786 3062 1874 3124 τὰ
1921 3060 2115 3146 ὅρκια
2160 3058 2449 3145 συγχέαι.
2544 3059 2856 3125 Similiter

511 3173 705 3252 poeta
769 3178 847 3254 τῇ
911 3168 1233 3253 φρονήσει
1292 3166 1414 3249 την
1469 3174 1588 3231 τοῦ
1644 3180 2096 3253 σωφρονεῖν
2150 3170 2371 3232 αἰτίαν
2427 3167 2855 3251 ἀποδίδωσιν,

511 3297 657 3339 cum
700 3273 982 3338 Anteam
1006 3296 1159 3365 ’non
1203 3272 1502 3339 seducere
1537 3273 1841 3357 potuisse
1888 3274 2074 3338 dicat'

601 3398 825 3481 ἀγαθὰ
872 3396 1312 3483 φρονέοντα
1360 3397 1695 3483 δαΐφρονα
1742 3402 2289 3485 Βελλεροφόντην
2337 3396 2423 3484 (Ζ
2476 3396 2728 3487 162)1),

513 3526 579 3586 et
601 3521 1146 3607 Clytaemnestram
1173 3522 1457 3607 primum
1475 3522 1797 3592 restitisse
1817 3521 2136 3609 Aegistho
2167 3523 2475 3588 adiciens:
2505 3522 2702 3611 φρεσὶ
2731 3526 2858 3611 γὰρ

511 3626 768 3715 κέχρητ’
821 3626 1158 3715 ἀγαθῇσιν
1205 3629 1276 3713 (γ
1314 3627 1488 3716 265).
1565 3628 1809 3695 Contra
1854 3629 2239 3695 fortitudo
2285 3653 2418 3695 non
2464 3631 2543 3694 ad
2583 3631 2858 3715 pruden-

511 3735 696 3820 tiam,
761 3734 872 3799 sed
936 3735 1016 3798 ad
1070 3735 1566 3819 temperantiam
1620 3735 1926 3800 refertur:
1990 3734 2345 3822 ἀνδρείους
2406 3739 2575 3802 ἔοικε
2637 3752 2859 3803 ποιεῖν

509 3844 667 3919 τοὺς
713 3843 1067 3928 σώφρονας
1113 3842 1243 3907 διὰ
1289 3844 1372 3907 τὸ
1420 3840 1831 3908 αἰδεῖσθαι
1876 3844 1963 3908 τὰ
2010 3845 2290 3931 αἰσχρὰ
2335 3841 2445 3908 καὶ
2492 3846 2627 3921 τὰς
2672 3844 2857 3927 ἡδο-

511 3950 649 4027 νὰς
697 3946 1112 4033 δυναμένους
1149 3949 1576 4036 ὑπερβαίνειν
1612 3946 1723 4013 καὶ
1761 3952 1943 4027 τοὺς
1978 3951 2408 4028 κινδύνους
2443 3952 2856 4036 ὑφίστασθαι

657 4233 707 4300 1)
745 4230 901 4284 Idem
937 4231 1312 4300 Bellerophon
1349 4233 1666 4301 exemplum
1704 4235 1792 4287 est
1828 4233 2191 4302 σωφροσύνης
2226 4233 2286 4286 in
2322 4233 2516 4288 libello
2554 4236 2619 4289 de
2656 4236 2853 4290 cua-ios,

512 4338 556 4374 c.
597 4328 654 4388 9,
703 4338 869 4388 quem
923 4322 997 4375 ad
1042 4322 1228 4375 locum
1275 4322 1528 4376 conferas
1576 4321 1958 4376 definitionem
2004 4322 2169 4376 huius
2218 4322 2443 4377 virtutis
2480 4323 2539 4376 in
2578 4341 2857 4377 commen-

510 4407 726 4462 tatione
763 4429 821 4465 π.
857 4410 1026 4479 τύχης
1072 4412 1378 4477 servatam3
1427 4430 1475 4466 v.
1517 4411 1688 4465 etiam
1728 4429 1773 4466 c.
1817 4417 1907 4480 14,
1954 4410 2053 4465 ubi
2090 4411 2287 4466 eadem
2325 4412 2481 4466 notio
2521 4413 2853 4485 σωφροσύνῃ

513 4496 721 4551 subest.
