3309 5167
552 506 785 589 φύσει
833 506 958 592 γὰρ
1005 504 1128 570 οὐκ
1174 506 1312 569 ἔστι
1347 505 1603 589 πατρίς,
1650 503 1869 589 ὥσπερ
1908 499 2055 567 οὐδ’
2098 497 2280 580 οἶκος
2316 500 2460 568 οὐδ’
2503 502 2706 589 ἀῴρὸς
2742 498 2901 569 οὐδὲ

550 618 886 697 χαλκεῖον,
941 608 1086 678 οὐδ’
1149 612 1472 697 ἰατρεῖον,
1529 609 1697 675 ἀλλὰ
1753 612 2080 694 γίγνεται,
2144 616 2441 694 μᾶλλον
2497 608 2557 675 δ’
2618 610 2901 696 ὀνομά-

554 721 760 796 ζεται
821 716 950 784 καὶ
1015 724 1372 783 καλεῖται
1431 718 1689 782 τούτων
1742 716 2018 782 ἕκαστον
2072 718 2265 802 πρὸς
2325 719 2465 783 τὸν
2528 720 2900 783 οἰκοῦντα

547 823 676 891 καὶ
739 827 1149 911 χρώμενον
1202 846 1411 910 113(133
1467 823 1736 887 dubium
1792 844 1930 887 esse
1987 828 2205 907 potest
2262 822 2419 910 quin
2473 823 2723 909 Aristo,
2790 824 2901 910 qui

549 930 658 996 1113
701 955 741 996 3
783 931 1134 997 Plutarcho
1189 930 1516 1016 laudatur,
1571 929 1743 995 idem
1800 930 1889 995 sit
1944 934 2137 1016 atque
2192 930 2249 995 is
2284 930 2409 1016 -qui
2452 931 2763 996 virtutem
2810 931 2903 995 in-

552 1039 828 1104 ducebat
879 1041 1068 1105 κατὰ
1112 1040 1197 1104 τὸ
1243 1041 1438 1124 πρός
1480 1061 1554 1102 τι
1599 1058 1758 1115 πως
1804 1039 2016 1123 ἔχειν
2063 1037 2299 1123 (Laert.
2340 1036 2529 1124 Diog.
2567 1038 2713 1123 VH,
2746 1038 2900 1122 1613

554 1145 630 1209 cf.
669 1144 888 1211 Galen.
934 1145 1244 1230 Hippocr.
1291 1149 1358 1209 et
1401 1143 1564 1208 Plat.
1605 1143 1761 1229 VH,
1813 1146 1846 1210 1
1894 1168 1955 1229 p.
1996 1144 2128 1211 590
2182 1148 2430 1229 νομίζει
2476 1145 2602 1230 γὰρ
2643 1145 2685 1223 ,ὁ
2732 1144 2901 1231 ἀνὴρ

553 1251 804 1331 ἐκεῖνος
839 1256 999 1339 μίαν
1036 1248 1246 1318 οὖσαν
1282 1252 1404 1335 τὴν
1440 1251 1682 1338 ἀρετὴν
1720 1251 1999 1336 ὀνόμασι
2036 1255 2338 1318 πλείοσιν
2375 1252 2902 1337 ὀνομάζεσθαι

550 1360 742 1424 κατὰ
791 1359 933 1444 τὴν
986 1362 1180 1445 πρός
1231 1382 1305 1423 τι
1360 1355 1680 1445 σχέσιν).
1730 1394 1809 1405 —-
1858 1356 2111 1423 Passim
2165 1358 2235 1424 in
2287 1362 2565 1444 utroque
2624 1357 2905 1424 occurrit

550 1464 774 1530 libello
830 1466 1012 1531 notio
1066 1474 1298 1549 κενῆς
1351 1463 1583 1547 δόξης
1628 1462 1722 1549 (π.
1760 1464 2033 1549 εὐθυμ.
2072 1487 2119 1530 3.
2161 1466 2202 1529 2
2248 1472 2451 1531 λῦπαι
2509 1461 2583 1530 δὲ
2635 1462 2747 1530 καὶ
2792 1490 2903 1530 τα-

553 1570 747 1658 ραχαὶ
801 1570 908 1637 καὶ
967 1574 1374 1657 κακοθυμίαι
1431 1572 1544 1636 διὰ
1601 1574 1992 1654 ζηλοτυπίας
2053 1570 2164 1637 καὶ
2219 1573 2741 1657 δεισιδαιμονίας
2791 1570 2903 1637 καὶ

553 1682 937 1763 φιλοτιμίας
977 1677 1088 1745 καὶ
1143 1690 1394 1744 κενῶν
1450 1677 1727 1758 δοξῶν;
1782 1701 1833 1743 3.
1867 1681 1944 1745 11
1987 1680 2063 1744 αί
2102 1675 2178 1744 δὲ
2222 1691 2357 1745 τῶν
2396 1686 2639 1745 παθῶν
2684 1676 2904 1764 φωναὶ

551 1788 718 1872 πρὸς
761 1786 904 1869 τὴν
945 1786 1183 1869 κενὴν
1228 1784 1467 1863 δόξαν
1511 1786 1798 1851 ἔνδοθεν
1846 1785 2433 1873 ἄντιμαρτυροῦσι;
2477 1809 2542 1853 π.
2572 1810 2747 1872 φυγ.
2782 1808 2830 1850 3.
2862 1787 2903 1851 5

553 1893 719 1959 ἀλλὰ
765 1893 925 1959 ὅλον
969 1891 1079 1958 καὶ
1125 1900 1259 1958 πᾶν
1303 1894 1380 1958 τὸ
1425 1899 1684 1958 λυποῦν
1723 1891 1794 1958 ἐκ
1837 1902 2070 1977 κενῆς
2116 1893 2348 1977 δόξης
2384 1892 2905 1972 ἀναπέπλασται;

554 2022 603 2064 3.
635 2002 674 2067 8
721 1999 806 2065 ἂν
850 2001 976 2087 γὰρ
1026 1978 1272 2085 σκοπῇς
1315 2001 1507 2065 ἄνευ
1538 1998 1773 2084 ’κενῆς
1809 1999 2042 2084 δόξης
2076 2000 2199 2084 τὴν
2236 2000 2589 2089 ἀλήθειαν)
2626 2001 2694 2065 1(1
2732 2000 2905 2086 quod

553 2107 728 2172 ultro
764 2106 954 2172 nobis
1000 2107 1070 2172 in
1105 2106 1484 2172 memoriam
1519 2111 1780 2173 revocat
1825 2106 1939 2171 illa
1984 2109 2420 2194 ὑπομνήματα
2454 2105 2648 2195 ὑπὲρ
2684 2132 2905 2173 κενο-

556 2217 596 2279 δ
608 2214 733 2295 οξί
737 2239 778 2280 α
791 2239 852 2299 ς,
907 2237 1069 2301 (1333
1124 2214 1295 2280 1111531
1345 2215 1551 2280 1111103
1605 2214 1934 2280 Aristonis
1984 2213 2130 2310 Chii
2184 2220 2645 2281 commemorat
2694 2215 2903 2280 Laert.

552 2321 741 2409 Diog.
769 2321 917 2408 VII,
950 2324 1094 2408 163,
1123 2360 1209 2369 —
1247 2327 1430 2387 erant
1476 2322 1680 2408 igitur
1733 2322 1896 2388 11333
1939 2345 2073 2389 11011
2122 2326 2563 2395 commentaria
2607 2326 2679 2391 de
2726 2325 2908 2388 inani

547 2430 752 2513 yloria
811 2426 936 2516 (sic
988 2434 1245 2514 praeter
1300 2434 1545 2495 33153103
1605 2428 1783 2494 Saal
1834 2432 1907 2496 de
1962 2432 2258 2497 Aristone
2316 2432 2475 2497 Chio
2520 2454 2579 2516 p.
2624 2428 2736 2517 14)
2794 2431 2905 2495 sed

554 2538 626 2602 de
660 2558 826 2602 vana
863 2538 1160 2621 opinione.
1175 2535 1228 2624 ¹)
1291 2536 1529 2602 Nullus
1568 2536 1741 2602 enim
1770 2536 1995 2601 dubito
2035 2537 2193 2622 quin
2223 2537 2425 2603 Stoici
2463 2538 2595 2604 sint
2629 2537 2700 2603 hi
2736 2537 2906 2621 libri,

553 2666 687 2708 non
728 2642 1170 2729 Peripatetici,
1224 2643 1608 2728 praesertim
1655 2666 1802 2708 cum
1848 2649 2020 2709 recte
2065 2644 2309 2710 Heinze
2356 2644 2425 2733 (1.
2467 2646 2548 2733 c.)
2594 2644 2755 2709 mihi
2798 2644 2907 2707 ad-

555 2751 882 2816 monuisse
928 2750 1248 2837 videatur,
1300 2750 1498 2816 etiam
1541 2750 1835 2816 Marcum
1880 2750 2241 2816 Antonium
2287 2751 2532 2818 Stoici
2578 2751 2904 2816 Aristonis

556 2857 799 2942 scripta
851 2858 1103 2943 legisse.
1186 2858 1266 2923 In
1310 2858 1683 2924 universum
1729 2864 1947 2924 autem
1991 2859 2061 2924 in
2106 2858 2514 2924 diiudicanda
2558 2858 2673 2923 illa
2718 2881 2904 2944 quae-

555 2964 765 3030 stione
809 2965 970 3029 haec
1017 2965 1416 3030 observanda
1461 2988 1600 3031 esse
1645 2970 1832 3050 puto:
1890 2989 2037 3031 cum
2092 2965 2273 3030 tituli
2317 2966 2634 3030 librorum
2679 2964 2903 3029 traditi

555 3071 712 3157 sint,
759 3071 872 3158 (131
918 3096 959 3136 3
993 3071 1318 3138 veteribus
1366 3076 1432 3136 et
1475 3055 1628 3157 huic
1675 3077 1740 3137 et
1786 3072 1884 3137 illi
1928 3072 2328 3158 tribuantur,
2378 3094 2523 3137 cum
2566 3072 2897 3157 utriusque

556 3178 774 3243 iudicii
809 3201 1018 3263 neque
1055 3183 1438 3264 argumenta
1471 3178 1663 3244 nobis
1700 3183 1858 3245 110153
1894 3179 2042 3265 311115,
2080 3203 2289 3265 neque
2318 3179 2597 3245 alterum
2634 3177 2897 3245 auctori-

555 3290 690 3350 tate
750 3284 1134 3371 gravissima
1195 3285 1319 3351 viri
1393 3285 1726 3351 cuiusdam
1786 3285 2095 3351 fulciatur
2148 3286 2339 3375 (nam
2402 3286 2551 3351 talis
2606 3310 2740 3353 non
2803 3289 2902 3351 est

555 3392 928 3457 Panaetius:
975 3392 1051 3457 cf.
1080 3392 1382 3457 Hartlich
1429 3392 1498 3457 in
1541 3393 1751 3477 Leipz.
1789 3396 1945 3459 stud.
1983 3392 2077 3457 XI
2114 3417 2174 3478 p.
2214 3391 2395 3481 274),
2442 3398 2826 3479 argumenta
2870 3416 2904 3457 e

557 3524 625 3565 13
681 3500 824 3584 ipsa
866 3499 1054 3565 nobis
1101 3499 1380 3584 petenda
1425 3502 1604 3585 331115,
1649 3504 1726 3563 315
1774 3497 1991 3564 Stoica
2040 3497 2257 3564 Stoico
2304 3500 2688 3586 tribuamus,
2733 3500 2905 3565 Peri-

554 3606 840 3692 patetica
899 3605 1330 3690 Peripatetico
1339 3656 1358 3691 ,
1431 3609 1499 3670 et
1561 3605 1630 3669 in
1692 3606 2011 3671 librorum
2073 3605 2284 3671 titulis
2352 3606 2455 3695 (id
2519 3609 2691 3693 quod
2754 3612 2906 3693 post

555 3712 1000 3779 Krischium
1046 3709 1508 3800 (ἴον-3311339311)
1552 3717 1930 3797 persecutus
1986 3717 2087 3777 est
2135 3712 2309 3777 Saal
2354 3715 2393 3778 1.
2434 3737 2483 3779 3.
2528 3736 2588 3799 p.
2632 3716 2716 3780 15
2736 3714 2905 3800 sqq.)

556 3826 622 3886 et
676 3821 746 3885 in
799 3820 958 3905 ipsis
1015 3818 1379 3904 sententiis,
1431 3818 1742 3884 nimirum
1788 3819 2203 3904 respicientes
2253 3844 2328 3885 ea
2373 3844 2535 3907 quae
2593 3822 2905 3906 cuiusque
2932 3847 2945 3863 ·

555 3927 820 4013 propria
865 3950 904 3991 a
942 3926 1220 3991 testibus
1259 3926 1496 4012 quibus
1535 3926 1693 3991 fides
1730 3927 2049 3993 habeatur
2084 3927 2299 4014 dignis
2338 3930 2697 3995 traduntur.
2778 3928 2904 3994 Sed

554 4034 890 4099 redeamus
939 4056 1017 4098 ex
1061 4034 1184 4099 1133
1229 4033 1626 4120 digressione
1676 4034 1755 4097 ad
1802 4034 2135 4100 exilium.

700 4213 754 4281 1)
791 4210 962 4265 Nullo
1000 4209 1150 4264 enim
1179 4212 1508 4281 argumento
1545 4210 1774 4280 probari
1808 4227 1973 4280 posse
1999 4214 2165 4281 puto,
2203 4211 2343 4266 haec
2370 4192 2741 4282 ὑπομνήματα
2770 4226 2903 4264 3311-

557 4301 686 4354 (13111
722 4316 844 4354 3333
879 4300 1090 4354 11111313
1125 4302 1298 4369 atque
1332 4300 1510 4369 illum,
1550 4300 1649 4368 qui
1685 4300 1952 4355 laudatur
1988 4300 2047 4355 in
2075 4300 2293 4355 Philod.
2323 4302 2388 4355 de
2412 4303 2507 4357 vit.
2536 4302 2574 4357 l.
2595 4302 2647 4355 X
2674 4300 2799 4371 (col.
2829 4300 2902 4371 X)

555 4390 685 4459 περὶ
730 4398 830 4444 τοῦ
873 4392 1166 4460 κουφίζειν
1209 4391 1607 4461 ὑπερηφανίας
1651 4384 1747 4445 ἐπὶ
1790 4391 1855 4445 τὸ
1890 4392 2033 4446 πολὺ
2080 4389 2153 4443 311
2188 4387 2453 4444 Aristone
2488 4391 2735 4460 quodam
2772 4407 2904 4445 con-

559 4478 816 4548 scriptus.
