3309 5167
1535 400 1918 463 -33ffi

542 564 618 627 de
665 585 739 627 ea
785 562 1001 647 agitur
1046 564 1158 625 aut
1194 560 1434 625 Telebis
1486 564 1600 624 aut
1645 559 2091 645 epifiomatoris
2140 560 2342 646 eulpa.
2418 560 2606 627 Certe
2644 559 2881 625 mirum

542 693 680 735 esse
717 669 988 753 videtur,
1028 667 1198 752 quod
1237 690 1312 732 eo
1347 690 1476 752 quo
1513 670 1889 753 παρρησίαν
1926 667 2193 732 tractari
2232 668 2699 753 exspectaveris
2738 668 2880 733 loco

541 776 867 841 invenissur
907 768 1163 859 longior
1206 774 1383 839 illius
1434 772 1507 839 ἐν
1544 782 1624 859 τῇ
1664 775 1803 861 ι’δίᾳ
1838 783 2127 859 ταφῆναι
2166 775 2470 840 tractatio
2508 775 2577 841 in
2614 776 2879 841 eandem
2931 832 2935 837 .

491 894 497 901 '
543 881 854 949 orationis
883 882 1160 947 formam
1187 881 1469 946 redacta:
1509 902 1902 966 quamquam
1931 874 2253 965 quomodo
2282 883 2409 947 hoe
2436 882 2883 967 explicandum

543 990 630 1057 sii:
675 990 864 1075 plane
900 987 1146 1053 nescire
1183 1010 1284 1052 me
1322 988 1546 1052 fateor.
1589 1025 1674 1035 -
1708 987 2007 1073 *Denique
2054 987 2195 1053 Bio
2241 988 2379 1073 ipse
2418 988 2573 1074 quid
2611 989 2687 1053 de
2725 1011 2883 1075 παρ-

546 1101 743 1184 ρησίᾳ
777 1095 1052 1161 senserit
1087 1118 1220 1160 non
1255 1094 1647 1180 ignoramus,
1696 1118 2013 1181 quaenam
2049 1094 2217 1160 ratio
2257 1096 2427 1160 inter
2462 1095 2641 1160 illam
2689 1101 2882 1182 atque

545 1206 666 1289 τὴν
722 1201 1114 1286 δυσγένειαν
1166 1203 1526 1269 11113610611311
1580 1206 1646 1267 et
1700 1203 1823 1285 τὴν
1882 1205 2121 1267 πενίαν
2184 1198 2415 1289 (Plut.
2470 1225 2667 1286 quom.
2724 1205 2885 1270 adol.
2974 1208 2978 1213 ’

535 1318 691 1396 poet.
728 1314 870 1377 aud.
909 1312 1032 1375 deb.
1073 1332 1121 1375 e.
1151 1311 1209 1375 4.
1249 1333 1307 1394 p.
1330 1308 1426 1374 '22
1446 1308 1554 1396 A),
1602 1310 1950 1375 dummodo
1998 1332 2160 1395 quae
2197 1309 2406 1375 Laerss.
2436 1309 2623 1396 Diog.
2653 1310 2766 1397 IV,
2800 1314 2879 1377 51

543 1417 813 1484 tradidit
863 1421 1035 1483 reosse
1082 1418 1372 1502 legamus
1420 1420 1614 1501 atque
1661 1416 2123 1503 intelligamUS,
2168 1420 2242 1481 ub
2276 1416 2494 1482 Hense
2537 1441 2743 1504 nuper
2780 1419 2887 1485 do·

546 1526 679 1592 cuit
727 1524 1040 1612 (prolegg.
1076 1548 1136 1609 p.
1165 1524 1342 1588 LXX
1364 1520 1506 1610 sq),
1553 1522 1801 1589 scilieet
1848 1523 1942 1589 ita
1987 1529 2062 1589 111;
2108 1524 2459 1589 adversarii
2505 1526 2703 1590 verba
2747 1549 2886 1591 esse

546 1634 830 1698 dieamus
879 1654 1041 1717 quae
1087 1632 1256 1716 apud
1301 1628 1633 1695 Laertium
1679 1636 1916 1695 extant.
2008 1630 2236 1717 Neque
2282 1654 2434 1697 vero
2492 1631 2635 1718 ipsa
2679 1634 2889 1698 forma

547 1739 826 1805 multum
872 1736 1086 1803 differt
1131 1760 1172 1802 a
1213 1742 1440 1803 nostro
1478 1738 1621 1802 loco
1662 1776 1723 1785 ·-
1769 1736 1871 1803 bis
1910 1737 2083 1803 enim
2119 1738 2413 1805 versibus
2453 1739 2753 1806 adiuncta
2788 1746 2888 1806 est

545 1846 770 1912 Bionis
827 1844 1148 1910 sententia
1201 1836 1452 1932 (Eurip.
1491 1842 1754 1930 Hippol.
1792 1846 1957 1931 4263
2001 1846 2286 1931 Theogn.
2331 1843 2487 1933 177)
2535 1885 2636 1933 —,
2681 1871 2887 1933 neque

427 2014 440 2029 ,
548 1976 710 2037 quae
766 1953 1234 2051 respondenssur
1290 1956 1354 2018 et
1412 1950 1807 2034 δυσγένειαν
1862 1958 1928 2018 et
1983 1955 2208 2038 φυγήν
2265 1954 2553 2051 eulpanssi
2603 1979 2641 2019 a
2685 1956 2888 2021 Bione

546 2059 742 2125 nimis
790 2059 1044 2124 diversa
1089 2063 1258 2144 sunt,
1307 2058 1628 2145 siquidem
1666 2058 1989 2125 Hensium
2035 2060 2240 2125 secuti
2277 2083 2353 2125 ea
2390 2084 2552 2146 quae
2592 2085 2688 2146 ap.
2718 2062 2887 2128 Plut.

547 2188 748 2249 quom.
794 2167 954 2231 adol.
987 2172 1147 2249 poet.
1193 2168 1336 2259 αιιᾱ.
1383 2168 1506 2233 deb.
1554 2189 1602 2231 ο.
1644 2169 1685 2233 9
1731 2191 1790 2252 p.
1832 2170 1915 2233 28
1936 2166 1997 2231 D
2052 2167 2152 2232 1111
2207 2168 2422 2233 versui
2476 2165 2891 2253 opponuntur

549 2272 772 2337 Bionis
838 2294 976 2338 esse
1040 2276 1344 2358 putamus
1354 2324 1370 2356 ,
1437 2271 1501 2336 id
1567 2273 1741 2357 quod
1803 2272 2344 2339 verisimillimum
2404 2297 2545 2339 esse
2598 2275 2886 2343 dixerim.

550 2379 799 2443 Eadem
845 2379 1014 2445 enim
1061 2378 1309 2444 ratione
1357 2373 1565 2444 uffitur
1602 2378 1715 2463 qui
1761 2380 2038 2445 alterum
2073 2380 2177 2444 his
2216 2379 2479 2445 refellit:
2528 2382 2639 2447 διὰ
2683 2386 2755 2447 τί
2796 2382 2890 2468 δέ,

551 2486 634 2551 ἀν
691 2484 762 2552 ἐκ
814 2488 1061 2572 πατρὸς
1115 2486 1378 2571 φαύλου
1433 2482 1544 2549 καὶ
1601 2485 1889 2568 ἀνοήτου
1936 2488 2225 2569 γεγονὼς
2270 2488 2468 2565 αὐτὸς
2514 2486 2565 2554 ὦ
2612 2494 2889 2577 χρηστὸς

548 2591 659 2658 καὶ
723 2597 1078 2681 φρόνιμος,
1142 2592 1224 2658 οὐ
1286 2594 1600 2679 προσήκει
1665 2616 1777 2678 μοι
1842 2594 1953 2659 διὰ
2016 2594 2140 2677 τὴν
2205 2594 2369 2680 ε’μὴν
2427 2596 2667 2683 ἀρετὴν
2725 2596 2891 2684 μέγα

551 2713 833 2787 φρονεῖν
887 2700 1053 2767 ἀλλὰ
1105 2706 1645 2785 καταπεπλῆχθαι
1700 2700 1811 2765 καὶ
1866 2702 2179 2767 ταπεινὸν
2226 2696 2397 2769 εἶναι
2449 2703 2560 2768 διὰ
2605 2704 2727 2787 τὴν
2772 2716 2891 2772 τοῦ

550 2810 797 2894 πατρὸς
851 2807 1178 2893 ἀμαθίαν;
1235 2807 1511 2873 alterum
1555 2828 1709 2873 vero
1764 2806 2006 2874 talibus
2015 2860 2033 2893 ,
2090 2808 2307 2894 qualia
2360 2810 2665 2897 leguntur
2722 2812 2893 2879 inber

551 2938 619 2981 se
666 2914 904 2980 similia
949 2915 1120 2999 apud

641 3021 927 3087 Muson.
974 3045 1033 3106 p.
1077 3022 1179 3106 74,
1217 3023 1272 3087 6.
1343 3030 1540 3087 τοῦτο
1597 3018 1673 3087 δὲ
1865 3020 2060 3087 Plus..
2107 3046 2166 3107 p.
2218 3024 2346 3089 606
2370 3022 2435 3089 C.
2520 3023 2663 3091 ἀλλ’
2737 3025 2895 3094 οὐδὲ

477 3153 482 3157 ·
553 3130 626 3195 τὸ
684 3127 833 3206 δέος
886 3130 976 3214 μὰ
1026 3131 1162 3193 Δία
1216 3128 1336 3213 οὐχ
1391 3128 1432 3212 ἡ
1487 3128 1669 3213 φυγὴ
1778 3140 2167 3215 γεωμετρῶν
2256 3132 2437 3214 φυγὴ
2520 3137 2894 3219 παρρησίαν

554 3246 754 3303 ποιεῖ·
791 3241 1064 3313 πολλοῖς
1100 3234 1225 3320 γὰρ
1257 3234 1536 3322 ὑπάρχει
1560 3232 1672 3301 καὶ
1779 3232 1938 3301 οὐδὲ
1992 3248 2461 3322 γραμματικῶν
2515 3236 2895 3327 ἀφαιρεῖται

553 3352 688 3407 τῶν
726 3339 799 3407 ἐν
834 3351 916 3428 τῇ
950 3342 1219 3428 πατρίδι
1246 3344 1481 3425 ὄντων,
1518 3347 1671 3427 μᾶλ-
1778 3341 1928 3429 περὶ
1974 3337 2071 3409 ὧν
2118 3350 2296 3409 ἴσασι
2330 3342 2441 3409 καὶ
2478 3347 2896 3429 μεμαθήκασι

557 3454 679 3513 λον
733 3444 807 3513 δὲ
861 3458 1001 3525 τοῖς
1054 3452 1386 3526 πλείστοις
1439 3450 1518 3515 τὰ
1569 3452 1673 3515 δο-
1780 3448 2295 3535 διαλεγομένων·
2332 3450 2550 3518 πόθεν
2577 3475 2650 3535 γε
2680 3454 2761 3538 δὴ
2790 3478 2897 3520 κα-

555 3562 804 3620 κοῦντα
859 3556 1044 3619 δεινὰ
1100 3554 1409 3621 δεδιέναι.
1506 3556 1542 3622 ὁ
1599 3552 1673 3620 δὲ
1781 3562 1918 3622 λῶν
1973 3554 2084 3621 καὶ
2148 3556 2427 3639 ἀγαθῶν
2489 3558 2898 3648 ἀνθρώπων;

558 3656 928 3747 ἀνδρεῖοςῑ)
975 3658 1176 3729 οὐδὲν
1219 3657 1417 3745 ἧττον
1454 3664 1675 3748 φυγὰς
1780 3648 1945 3727 ἀλλά
1982 3664 2055 3728 τὸ
2094 3660 2366 3745 ἀγεννὲς
2400 3677 2739 3753 πανταχοῦ
2776 3670 2898 3754 τὴν

559 3770 654 3833 ὢν
721 3768 886 3854 ἥπερ
961 3774 1131 3833 οἴκοι
1195 3774 1441 3855 θαρρεῖ
1507 3770 1674 3857 πρὸς
1780 3770 2018 3855 φωνὴν
2073 3768 2456 3857 ἐμφράττει,
2511 3775 2633 3859 τὴν
2688 3782 2897 3858 γλῶσ-

559 3876 816 3941 ἅπαντα
879 3874 957 3939 τά
1020 3883 1317 3940 τοιαῦτα·
1393 3876 1498 3943 διὸ
1562 3874 1673 3941 καὶ
1782 3893 1907 3942 σαν
1935 3875 2355 3964 ἀποστρέφει,
2398 3882 2603 3965 ἄγχει,
2640 3890 2895 3969 σιωπᾶν

561 3979 736 4063 λέγει
775 3980 816 4045 ἃ
859 3993 1102 4065 φρονεῖ
1145 4032 1156 4044 .
1198 4033 1209 4044 .
1250 4033 1262 4044 .
1780 3994 1969 4048 ποιεῖ.

735 4087 1046 4151 Extrema
1102 4085 1433 4175 Plutarqhi
1498 4090 1695 4153 verba
1758 4112 1791 4153 e
1850 4089 2287 4156 Demosizhene
2358 4096 2614 4175 sumpta
2676 4092 2826 4152 sunt
2838 4086 2890 4174 2)

561 4198 753 4278 atque
799 4195 881 4258 ab
927 4193 1089 4277 ip80,
1133 4193 1202 4258 ni
1247 4194 1455 4279 fallor,
1499 4195 1672 4260 hunc
1708 4196 1777 4259 in
1813 4196 2028 4261 locum
2064 4197 2323 4282 inserta,
2372 4219 2515 4261 cum
2553 4198 2893 4259 occurrant

705 4354 758 4419 1)
794 4351 900 4405 Pro
945 4351 1066 4405 viro
1113 4355 1262 4424 καλῷ
1307 4351 1405 4405 καὶ
1449 4353 1654 4425 ἀγαθῷ
1700 4352 1893 4422 Cynici
1946 4354 2234 4408 Musonius
2280 4352 2533 4422 reposuit
2580 4350 2894 4421 sapientem

564 4437 874 4491 Stoicorum
920 4440 1017 4507 qui
1064 4440 1272 4495 vir-tube
1319 4442 1584 4511 ἀνδρείας
1620 4442 1800 4497 uisitur
1837 4444 1927 4509 (ef.
1955 4444 2162 4498 Weber
2205 4460 2259 4511 p.
2292 4446 2392 4495 137
2432 4442 2559 4496 adn.
2598 4444 2897 4513 γενναῖος).

709 4527 765 4595 2)
803 4525 976 4579 Cobet
1011 4527 1278 4584 Mnemon.
1316 4530 1341 4582 Ι
1377 4548 1430 4599 p.
1471 4536 1574 4585 385
1611 4531 1790 4601 (Dem.
1828 4534 1893 4587 de
1927 4534 2076 4600 falsa
2112 4533 2266 4602 ἱεραί.
2303 4549 2357 4603 p.
2396 4536 2500 4585 406
2520 4531 2608 4603 A).
