3309 5167
1494 370 1923 435 —73„

715 530 962 607 Quibus
1000 528 1168 594 ‘locis
1216 528 1488 595 divisam
1524 529 1799 614 legimus
1838 529 2202 614 generalem
2242 523 2429 594 'illam
2474 529 2882 615 sententiam,

537 636 669 701 tale
708 637 954 722 aliquid
991 632 1128 701 esse
1167 634 1448 721 exilium,
1494 630 1686 721 quale*
1721 635 2091 721 accipiatur,
2136 636 2233 701 ita
2267 640 2342 700 ut
2377 635 2579 701 fortes
2618 636 2881 702 exilium

536 765 670 808 non
730 749 1042 830 tanquam
1105 744 1349 808 malum
1411 747 1695 807 metuere
1760 742 2038 828 dicatur,
2106 743 2375 829 ignavos
2440 765 2594 808 suae
2659 743 2883 827 culpae
2936 810 2949 836 ι

535 850 823 917 tribuere
871 852 1118 936 debere,
1165 850 1338 936 quod
1382 849 1602 915 miseri
1649 850 1806 915 sint:
1851 850 1918 914 id
1966 851 2138 934 quod
2174 849 2459 914 breviter
2500 850 2594 915 sic
2632 849 2774 915 Sen.
2812 854 2885 917 cle

537 980 684 1023 rem.
718 960 862 1041 fort.
913 957 1397 1043 comprehendit
1443 952 1651 1044 (VIII,
1682 959 1723 1023 2
1769 980 1828 1042 p.
1873 958 2017 1043 104,
2059 959 2092 1022 1
2116 954 2231 1044 R):
2276 959 2335 1023 si
2377 959 2543 1022 enim
2586 961 2883 1041 sapiens

535 1070 642 1151 est,
670 1068 1237 1149 pereqrinatur;
1275 1067 1334 1131 si
1369 1066 1648 1130 stultus
1683 1070 1786 1150 est,
1822 1062 2089 1130 exulat.
2165 1061 2531 1149 Cynicum
2568 1064 2885 1151 originem

537 1172 785 1237 redolet
836 1171 1070 1239 Persae
1125 1171 1302 1238 illius
1355 1194 1518 1258 quae
1563 1171 1835 1257 fingitur
1879 1171 2159 1257 epistula
2204 1195 2301 1256 ap.
2352 1170 2529 1238 Curt.
2575 1172 2721 1237 Ruf.
2776 1170 2882 1258 VI,

539 1281 600 1364 4,
643 1282 743 1365 13,
790 1279 902 1365 qui
948 1280 1029 1344 ad
1074 1279 1515 1345 Alexandrum
1561 1278 1815 1343 scribit:
1868 1279 2145 1346 Ceterum
2189 1282 2249 1344 si
2292 1280 2395 1345 cui
2435 1281 2587 1363 sides
2630 1282 2884 1346 daretur

537 1388 860 1471 indiynus,
912 1388 1112 1453 multa
1163 1388 1355 1452 emilia
1397 1392 1611 1469 patere
1651 1386 1953 1469 fuyienti:
1989 1387 2275 1469 patriam
2320 1408 2469 1470 esse,
2525 1388 2883 1471 ubicumque

536 1495 635 1559 vir
684 1495 870 1575 fortis
921 1496 1119 1560 sedem
1173 1494 1292 1558 sibi
1347 1493 1598 1577 elegerit.
1699 1492 1881 1557 Idem
1926 1492 1996 1557 in
2039 1491 2481 1558 Aristoneis
2527 1493 2727 1559 habes
2784 1516 2881 1578 ap.

535 1600 705 1665 Plut.
753 1622 818 1666 π.
865 1600 1038 1688 ἀρετ.
1083 1624 1137 1666 κ.
1185 1608 1322 1666 κακ.
1373 1622 1421 1664 c.
1469 1602 1512 1665 4
1557 1623 1618 1685 p.
1664 1602 1784 1665 101
1807 1598 1896 1664 D:
1943 1601 2257 1692 τοιαύτην
2304 1600 2339 1666 ὁ
2386 1604 2583 1684 λόγος
2628 1600 2884 1686 ἐμποιεῖ

536 1707 940 1796 civissem-1)
969 1757 984 1773 .
1017 1757 1031 1772 .
1061 1758 1076 1772 .
1115 1708 1198 1773 οὐ
1234 1709 1443 1793 βιώσῃ
1489 1708 1951 1792 φιλοσοφήσας
1996 1706 2236 1791 ἀηδῶς,
2281 1705 2447 1773 ἀλλὰ
2484 1717 2884 1793 πανταχοῦ

539 1819 674 1899 ζῆν
717 1814 928 1899 ἡδέως
971 1808 1241 1901 μαθήσῃ
1285 1812 1414 1879 καὶ
1461 1814 1606 1881 ἀπὸ
1651 1814 1998 1898 πάντων,
2054 1818 2121 1878 et
2175 1814 2426 1879 duobus
2480 1815 2641 1880 locis
2688 1838 2885 1901 supra

532 1922 706 1987 inter
751 1945 820 1988 se
868 1921 1256 2007 comparatis
1303 1918 1390 2009 (v.
1431 1945 1490 2007 p.
1521 1919 1637 2009 61)
1684 1944 1749 1987 π.
1790 1945 1947 2006 φυγ.
1987 1943 2038 1985 c.
2076 1922 2117 1987 5
2162 1944 2222 2005 p.
2260 1922 2390 1987 600
2408 1920 2494 2007 E3
2540 1944 2605 1987 π.
2644 1922 2883 2007 εὐθυμ.

539 2053 590 2095 c.
634 2032 713 2097 18
760 2054 821 2116 p.
860 2031 1006 2095 476.
1084 2028 1398 2094 Similiter
1433 2027 1723 2113 Epicteti
1761 2029 2056 2112 δόγματα
2097 2027 2179 2091 ad
2216 2026 2482 2093 exilium
2518 2029 2885 2094 referuntur

537 2136 686 2202 diss,
716 2136 831 2223 IV,
863 2139 921 2222 7,
956 2136 1062 2203 14:
1111 2134 1254 2202 ἀλλ’
1299 2134 1716 2221 ἐξορισμόν
1762 2134 2014 2221 (θέλεις
2060 2134 2253 2221 scil.);
2302 2136 2471 2202 ὅπου
2514 2134 2885 2221 ἐπανέλθω,

539 2243 676 2309 ἐκεῖ
726 2268 839 2329 μοι
893 2249 1110 2320 καλῶς
1155 2246 1362 2308 ἔσται·
1409 2240 1519 2307 καὶ
1566 2244 1693 2329 γὰρ
1746 2240 1992 2308 ἐνθάδε
2038 2242 2128 2307 οὐ
2174 2240 2287 2307 διὰ
2331 2244 2469 2308 τὸν
2513 2245 2753 2309 τόπον
2797 2238 2885 2327 ἦν

538 2376 650 2436 μοι
686 2357 922 2436 καλῶς,
969 2350 1135 2416 ἀλλὰ
1173 2352 1284 2416 διὰ
1320 2352 1409 2415 τὰ
1459 2352 1833 2435 δόγματα,
1880 2349 1922 2415 ἃ
1958 2349 2173 2435 μέλλω
2212 2345 2349 2435 μετ’
2395 2350 2684 2435 ἐμαυτοῦ
2722 2350 2883 2416 ἄπο-

536 2458 785 2544 φέρειν.
860 2456 1106 2523 Stoici
1151 2456 1508 2543 sapientem
1552 2457 1733 2523 vides
1778 2458 1849 2521 in
1896 2455 2037 2522 Sen
2086 2456 2167 2521 ad
2210 2456 2396 2522 Helv.
2444 2457 2885 2522 consolatione

538 2590 588 2631 c.
627 2568 687 2651 9,
727 2568 785 2651 7,
831 2565 943 2630 ubi
988 2564 1368 2630 Marcellum
1413 2588 1482 2631 se
1533 2563 1750 2649 ipsum
1809 2564 1902 2630 sic
1958 2564 2400 2629 consolantem
2443 2564 2627 2630 facit:
2683 2568 2775 2631 ita
2832 2570 2888 2631 te

534 2656 880 2757 disciplinis
942 2674 1225 2740 imbuisti
1231 2724 1247 2753 ‚
1309 2680 1382 2739 ut
1441 2674 1625 2740 scires
1687 2674 1925 2739 omnem
1999 2674 2197 2739 locum
2256 2675 2526 2756 sapienti
2588 2666 2723 2738 viro
2766 2695 2885 2756 pa-

539 2783 728 2846 triam
773 2800 912 2846 esse..

715 2886 1092 2953 Contrariae
1123 2911 1274 2954 vero
1311 2888 1582 2954 rationis
1621 2910 1816 2955 causa
1851 2890 2045 2954 κακία
2083 2892 2184 2953 est
2222 2907 2367 2953 cum
2403 2886 2473 2952 in
2509 2886 2653 2952 aliis
2684 2878 2879 2951 rebus

537 2999 678 3059 tum
722 2995 791 3060 in
837 2994 1056 3059 exilio:
1106 2995 1318 3081 (Teles
1356 3019 1418 3081 p.
1457 2996 1515 3078 5,
1553 2994 1623 3081 9)
1673 2993 1814 3061 ἀλλ’
1869 2994 2057 3079 ἡμεῖς
2101 2994 2317 3060 πάντα
2361 3000 2614 3081 μᾶλλον
2661 2996 2877 3061 αἰτιώ-

536 3108 732 3186 μεθα,
769 3099 810 3184 ἢ
838 3101 960 3184 τὴν
989 3100 1244 3166 ἑαυτῶν
1274 3104 1686 3187 δυστροπίαν
1712 3100 1822 3166 καὶ
1850 3103 2388 3186 κακοδαιμονίαν,
2424 3104 2499 3167 τὸ
2528 3112 2736 3189 γῆρας
2760 3102 2877 3185 τὴν

537 3211 774 3273 πενίαν
810 3209 929 3273 τὸν
961 3207 1428 3292 ἀπαντήσαντα
1462 3208 1586 3291 τὴν
1619 3207 1876 3294 ἡμέραν
1911 3209 2033 3291 τὴν
2070 3210 2251 3295 ὥραν
2287 3210 2423 3274 τὸν
2458 3212 2730 3295 τόπον,
2776 3204 2879 3273 διό

539 3332 747 3399 φησιν
784 3315 819 3382 ὁ
847 3313 1197 3399 Διογένης,
1244 3325 1473 3400 φωνῆς
1510 3314 1860 3399 ἀκηκοέναι
1894 3318 2149 3392 Κακίας
2185 3314 2428 3399 ἑαυτὴν
2462 3316 2882 3402 αἰτιωμένης·

811 3423 1013 3499 oenc,-
1059 3421 1202 3507 ἐμοὶ
1250 3422 1448 3489 τῶνδ’
1499 3424 1700 3501 ἄλλος
1746 3422 2036 3500 ἐπαίτιος
2081 3418 2224 3488 ἀλλ’
2277 3422 2404 3506 ἐγὼ
2450 3425 2634 3508 αὐτή.

538 3529 725 3593 Tales
773 3528 986 3594 locum
1032 3533 1096 3592 et
1142 3533 1423 3594 aetatem
1469 3530 1803 3615 culpantes
1850 3529 2048 3594 habes
2094 3528 2165 3597 in
2212 3528 2355 3595 Sen.
2396 3554 2493 3617 ep.
2532 3533 2634 3617 50,
2664 3534 2723 3617 3,
2771 3531 2885 3615 qui

539 3635 912 3700 ambitionis
951 3640 1016 3699 et
1053 3640 1349 3721 sumptus
1397 3659 1655 3702 causam
1692 3636 1969 3705 Romam
2010 3642 2203 3723 atque
2239 3639 2485 3724 urbem,
2522 3638 2885 3703 adolescen-

541 3743 702 3808 tiam
759 3742 1125 3808 iracundiae
1181 3766 1320 3809 esse
1380 3744 1621 3809 dicunt.
1715 3744 1840 3810 Sed
1894 3745 2285 3812 refutantur:
2341 3745 2409 3834 (ξ
2447 3744 2521 3835 4)
2566 3749 2719 3830 quid
2768 3768 2882 3813 nos

544 3842 924 3933 decipimus?
987 3872 1112 3916 non
1165 3856 1256 3916 est
1305 3846 1677 3917 emti-insecus
1730 3854 1970 3917 malum
2022 3860 2334 3918 nostrum:
2396 3857 2570 3920 intra
2620 3876 2735 3920 nos
2778 3859 2885 3934 est,

537 3961 610 4025 in
644 3958 970 4024 visceribus
1003 3959 1158 4041 ipsis
1191 3960 1366 4038 sedet,
1401 3965 1460 4025 et
1492 3960 1624 4025 ideo
1655 3960 1989 4042 difficulter
2014 3961 2102 4025 ad
2123 3964 2455 4027 sanitatem
2470 3963 2883 4044 memmae,

537 4066 687 4148 quia
731 4085 844 4129 nos
889 4070 1200 4147 aey‘rotare
1243 4068 1558 4133 nescimus.
1649 4064 1828 4130 Haec
1884 4059 2169 4131 extrema
2220 4067 2427 4133 fusius
2476 4073 2885 4154 exponuntur

685 4332 736 4400 1)
775 4326 937 4395 Quod
965 4326 1158 4384 Crates
1186 4328 1531 4385 Demetrium
1561 4330 1898 4386 Phalereum
1936 4336 2045 4404 (ap.
2075 4334 2221 4390 Plut.
2253 4334 2319 4389 de
2346 4335 2498 4391 adul.
2528 4352 2573 4391 c.
2604 4341 2672 4389 28
2701 4354 2754 4404 p.
2786 4338 2874 4405 69)

541 4419 873 4473 adhortatur
920 4418 1036 4488 ἅμα
1083 4418 1146 4473 δὲ
1191 4422 1432 4491 θαρρεῖν
1480 4414 1658 4494 ἑαυτῷ
1704 4422 1803 4476 καὶ
1848 4430 1915 4493 τῇ
1964 4421 2248 4492 διαθέσει,
2295 4425 2470 4479 verba
2507 4424 2733 4494 singula
2768 4442 2881 4479 non

539 4508 612 4563 ad
652 4508 932 4563 Cratetem
968 4508 1260 4563 referenda
1299 4512 1442 4565 sunt.
