3309 5167
1393 373 1821 437 -69-

437 532 757 598 voluntati
820 531 924 597 dei
990 530 1336 598 oboediens
1402 530 1620 597 omnia
1677 532 2002 617 patienter
2063 533 2216 619 fert,
2282 540 2354 600 ut
2416 536 2575 621 ipsis
2640 536 2771 601 illis

357 639 363 647 '
434 639 646 707 verbis
702 639 1095 726 praecedam:
1147 640 1330 704 haec:
1395 650 1530 725 χρῶ
1585 663 1699 724 μοι
1754 642 1990 705 λοιπὸν
2043 640 2129 705 ἂν
2182 640 2416 728 θέλῃς,
2479 644 2772 728 ὁμογνω-

431 759 615 834 μονῶ
655 765 779 833 σοι,
827 750 942 823 σός
979 749 1128 831 εἰμι.
1212 746 1418 823 Quam
1454 744 1773 811 rationem
1810 745 2064 832 saepius
2102 746 2171 812 in
2207 748 2771 816 dissertationibus

429 854 786 939 Epicteteis
817 892 898 899 —
931 852 1155 919 statim
1190 852 1349 919 haec
1386 852 1683 939 inseram,
1723 876 1868 919 cum
1903 877 2036 919 non
2073 856 2502 941 respondeant
2534 857 2772 922 rationi

429 961 719 1048 Epicteti
763 961 1060 1047 propriae
1097 999 1164 1007 —
1204 961 1283 1025 ad
1331 960 1595 1025 exilium
1644 961 1861 1044 ipsum
1906 961 2178 1027 relatam
2221 962 2511 1029 videmus
2558 963 2653 1028 ita
2697 969 2772 1029 ut

429 1067 684 1153 sapiens
732 1066 904 1132 dicat
950 1064 1090 1155 (IV,
1129 1068 1188 1153 4,
1228 1064 1369 1155 34):
1426 1065 1644 1133 θέλετ’
1700 1070 1797 1145 εἰς
1834 1066 2111 1152 Ῥώμηνς
2168 1074 2263 1147 εἰς
2301 1068 2566 1157 Ῥώμην.
2647 1075 2772 1149 Εἰς

433 1176 688 1259 Γύαρα;
741 1176 834 1251 εἰς
882 1175 1126 1261 Γύαρα.
1208 1177 1334 1252 Εἰς
1373 1172 1687 1259 Ἀθήνας;
1732 1178 1828 1253 εἰς
1874 1173 2179 1258 Ἀθήνας.
2268 1180 2392 1255 Εἰς
2437 1181 2771 1263 φυλακήν;

431 1284 526 1359 είς
570 1279 877 1367 φυλακήν
911 1318 984 1329 -
1019 1280 1104 1347 ἂν
1151 1280 1319 1360 ἅπαξ
1359 1286 1570 1366 εἴπῃς·
1617 1283 1818 1365 ,,πότε
1862 1305 1964 1358 τις
2000 1284 2095 1358 εἰς
2125 1278 2413 1366 Ἀθήνας
2450 1281 2769 1373 ἀπέλθῃίί,

428 1387 722 1455 ἀπώλουε
770 1388 976 1453 multo
1024 1386 1196 1452 enim
1231 1386 1569 1453 honestius
1608 1410 1804 1473 quam
1838 1386 2134 1474 Athenis,
2179 1388 2250 1453 in
2284 1390 2443 1454 urbe
2481 1391 2772 1475 pulcher-

428 1496 608 1581 rima,
653 1488 896 1561 versari
942 1497 1016 1561 τὸ
1057 1492 1502 1580 εὐδαιμονεῖν,
1549 1547 1606 1559 ..
1654 1497 1730 1560 τὸ
1777 1492 2005 1580 ἀπαθῆ
2054 1490 2247 1579 εἶναι,
2292 1498 2366 1562 τὸ
2413 1494 2770 1584 ἀτάραχον;

429 1604 634 1670 multo
671 1602 1008 1670 honestius
1048 1626 1243 1689 quam
1279 1602 1570 1687 Romam,
1618 1603 1846 1667 urbem
1882 1602 2371 1691 tumultuosam,
2420 1604 2659 1670 evitare
2696 1608 2771 1673 τὸ

430 1710 706 1797 εὐροεῖν.
812 1709 992 1775 Neve
1057 1710 1261 1795 igitur
1315 1708 1547 1794 Gyaris
1603 1708 1957 1775 recorderis
2014 1710 2258 1775 Romae
2312 1734 2472 1776 neve
2526 1712 2770 1778 Romae

427 1818 835 1883 Athenarum
881 1816 1026 1903 (III,
1058 1818 1161 1902 24,
1194 1813 1381 1904 109):
1436 1816 1629 1901 atque
1688 1816 1744 1881 si
1782 1814 1988 1902 Ῥώμῃ
2043 1818 2305 1900 διάγειν
2350 1818 2595 1903 ὀκνεῖς,
2649 1820 2771 1904 τὴν

329 1966 332 1971 -
427 1927 706 1992 Ἑλλάδα
742 1932 1002 2008 ποθεῖς,
1048 1923 1201 1989 licet
1237 1945 1315 1987 ex
1357 1927 1421 1987 te
1460 1924 1791 2009 quaerere:
1840 1924 2000 1989 ὅταν
2037 1922 2098 1988 δ’
2138 1921 2594 2009 ἀποθνήσκειν
2632 1926 2770 2013 δέῃ,

424 2032 534 2099 καὶ
579 2036 728 2098 τότε
773 2030 1032 2117 μέλλεις
1076 2030 1265 2115 ἡμῶν
1309 2034 1729 2096 κατακλαίειν
1775 2031 1875 2095 ὅτι
1920 2030 2037 2108 τὰς
2065 2028 2355 2115 Ἀθήνας
2393 2033 2475 2099 οὐ
2511 2032 2771 2118 μέλλεις

426 2138 696 2226 βλέπειν
740 2136 851 2205 καὶ
899 2138 972 2204 ἐν
1009 2140 1271 2229 Λυκείῳ
1327 2138 1409 2203 οὐ
1444 2139 1908 2223 περιπατήσεις
1954 2134 2099 2225 (III,
2128 2140 2233 2224 24,
2264 2141 2299 2203 7
2310 2137 2409 2227 7);
2488 2138 2661 2206 Nam
2712 2142 2769 2207 si

425 2249 566 2335 fleS,
623 2246 794 2333 quod
849 2268 982 2311 non
1036 2245 1295 2310 eosdem
1348 2244 1525 2309 vides
1580 2267 1789 2330 neque
1846 2244 2086 2309 eisdem
2143 2243 2212 2310 in
2268 2246 2427 2311 locis
2474 2248 2768 2335 versariS,

425 2354 656 2440 dignus
705 2352 817 2439 qui
862 2350 972 2417 καὶ
1017 2363 1154 2418 τῶν
1197 2351 1499 2438 κοράκων
1543 2349 1655 2417 καὶ
1700 2363 2019 2439 κορωνῶν
2064 2350 2471 2440 ἀθλιώτερος
2515 2349 2622 2441 ᾖς,
2668 2347 2769 2435 οἷς

425 2461 676 2541 ἔξεστιν
721 2462 1042 2526 ἵπτασθαι
1090 2460 1258 2525 ὅπου
1304 2456 1584 2525 θέλουσι
1628 2455 1741 2525 καὶ
1779 2461 2276 2544 μετοικοδομεῖν
2311 2460 2429 2539 τὰς
2464 2480 2769 2542 νεοσσιας

422 2567 532 2634 καὶ
585 2593 665 2634 τα
711 2567 961 2651 πελάγη
1008 2569 1332 2653 διαπερᾶν
1377 2565 1463 2651 μὴ
1512 2564 1819 2632 στένουσι
1866 2562 2033 2651 μηδὲ
2078 2573 2370 2633 ποθοῦσι
2416 2568 2496 2634 τὰ
2541 2582 2767 2657 πρῶτα

427 2672 583 2762 (ΙΙΙ,
623 2676 732 2759 24,
772 2674 856 2757 6).
966 2674 1282 2759 Exemplo
1356 2673 1478 2739 tibi
1521 2678 1645 2739 -est
1708 2672 2059 2759 Diogenes:
2133 2697 2291 2739 num
2352 2675 2526 2741 hunc
2587 2677 2765 2745 vides

429 2784 743 2859 κλαίοντα
807 2780 848 2864 ἢ
907 2778 1436 2865 ἀγανακτοῦντα,
1501 2781 1602 2847 ὅτι
1657 2782 1776 2847 τὸν
1832 2783 2020 2847 δεῖνα
2075 2779 2158 2846 οὐ
2220 2781 2442 2867 μέλλει
2498 2782 2767 2869 βλέπειν

427 2885 586 2953 οὐδὲ
633 2886 754 2970 τὴν
801 2888 1012 2971 δεῖνα,
1057 2885 1214 2954 οὐδὲ
1263 2885 1336 2953 ἐν
1368 2885 1684 2971 Ἀθήναις
1730 2890 2000 2954 ἔσεσθαι
2036 2887 2077 2972 ἢ
2116 2887 2191 2955 ἐν
2225 2892 2569 2981 Κορίνθῳ,
2614 2890 2761 2959 ἀλλ’

423 2994 509 3060 ἂν
554 2993 728 3059 οὕτω
770 2992 936 3079 τύχῃ
983 2992 1056 3059 ἐν
1105 2991 1395 3071 Σούσοις
1439 2993 1482 3078 ἢ
1528 2994 1603 3059 ἐν
1632 2992 2056 3080 Ἐκβατάνοις
2094 2995 2204 3082 (II,
2237 2998 2337 3083 16,
2366 2994 2499 3085 35).
2573 2997 2765 3064 Hunc

420 3101 626 3187 igitur
690 3100 964 3165 imiteris
973 3152 991 3186 ,
1057 3100 1168 3186 qui
1232 3098 1457 3179 αὐτοῖς
1519 3110 1661 3179 τοῖς
1713 3112 2051 3189 πειραταῖς
2105 3100 2406 3187 συνήθης
2467 3102 2762 3188 ἐγίγνετο

421 3206 567 3296 (ΠΙ,
596 3209 701 3294 24,
731 3207 872 3294 66),
925 3229 1134 3293 neque
1190 3230 1298 3272 eos
1355 3208 1767 3295 adulabatur,
1822 3207 1911 3274 ἵν’
1966 3207 2169 3275 αὐτὸν
2209 3207 2585 3293 Ἀθηναίων
2628 3211 2760 3277 τινὶ

420 3313 837 3399 πωλήσωσιν,
882 3312 970 3380 ἵν’
1029 3316 1139 3401 ἴδῃ
1181 3311 1342 3384 ποτε
1385 3317 1505 3383 τὸν
1543 3320 1818 3403 Πειρειᾶ
1863 3318 1982 3382 τὸν
2026 3318 2232 3383 καλὸν
2275 3315 2386 3382 καὶ
2430 3318 2511 3383 τὰ
2546 3321 2763 3405 μακρά

413 3426 600 3517 ,τείχη
654 3420 764 3487 καὶ
817 3420 941 3506 τὴν
993 3418 1359 3509 ἀκρόπολιν
1413 3417 1586 3509 (73),
1649 3427 1843 3508 atque
1898 3422 2051 3489 licet
2094 3423 2219 3488 tibi
2264 3422 2499 3491 dicere:
2554 3428 2625 3491 τί
2666 3428 2763 3492 ἔτι

423 3535 660 3607 ποθεῖς
694 3552 851 3607 τους
888 3531 1208 3614 συνήθεις
1241 3531 1515 3609 τόπους;
1563 3528 1818 3608 ἔκδεξαι
1855 3529 2068 3617 βραχὺ
2101 3529 2212 3596 καὶ
2247 3532 2526 3611 τούτους
2560 3531 2762 3601 πάλιν

424 3634 589 3715 ἕξεις
624 3638 966 3721 συνήθεις·
1015 3631 1156 3702 εἶτα
1191 3635 1277 3702 ἂν
1313 3636 1523 3715 οὕτως
1559 3635 1854 3720 ἀγεννῶς
1900 3639 2069 3722 ἔχῃς,
2112 3636 2316 3703 πάλιν
2359 3637 2469 3703 καὶ
2505 3640 2761 3705 τούτων

423 3742 991 3827 ἀπαλλαττόμενος
1043 3749 1229 3809 κλαῖε
1282 3742 1393 3809 καὶ
1450 3746 1637 3809 στένε
1685 3741 1849 3832 (56).
1942 3745 2117 3822 Quae
2165 3744 2361 3810 etiam
2407 3745 2619 3811 iocose
2667 3746 2760 3812 sic

421 3848 580 3915 dicit
624 3849 719 3936 (id
766 3850 939 3934 quod
983 3848 1053 3914 in
1096 3850 1471 3916 memoriam
1517 3850 1708 3917 nobis
1752 3856 2013 3917 revocat
2058 3852 2240 3917 illam
2282 3852 2574 3917 Iocastae
2620 3852 2759 3919 irri-

421 3957 670 4023 sionem
705 3957 775 4022 in
809 3956 978 4023 Plut.
1009 3980 1058 4022 c.
1092 3958 1201 4045 163
1237 3958 1312 4023 cf.
1345 3980 1394 4023 c.
1426 3956 1514 4045 6),
1552 3963 1627 4023 ut
1663 3958 1926 4024 inducat
1962 3963 2337 4044 querentem
2366 3959 2476 4046 (Π,
2502 3961 2600 4045 16,
2622 3957 2757 4048 30),

421 4066 523 4131 ὅτι
577 4062 796 4131 οὐκέτι
851 4065 926 4129 τὸ
981 4072 1116 4148 τῆς
1167 4068 1469 4151 Δίρκης
1520 4065 1731 4151 ὕδωρ
1790 4070 2012 4131 πίνειν
2065 4064 2306 4150 μέλλει.
2358 4104 2433 4113 -
2492 4070 2582 4132 Τὸ
2628 4067 2754 4155 γὰρ

420 4172 764 4263 Μάρκειον
826 4174 1050 4258 χεῖρόν
1115 4170 1252 4237 ε’στι
1314 4181 1434 4237 τοῦ
1498 4181 1614 4255 τῆς
1666 4177 1947 4259 Δίρκη9;
2008 4210 2082 4219 -
2140 4170 2308 4238 Ἀλλ’
2375 4170 2588 4238 ἐκεῖνό
2643 4199 2755 4258 μοι

421 4279 711 4362 σύνηθες
764 4272 865 4362 ἧν.
913 4316 998 4325 -
1044 4277 1180 4344 Καὶ
1233 4288 1428 4344 τοῦτο
1482 4279 1687 4345 πάλιν
1742 4282 1921 4345 ἔσται
1977 4297 2084 4345 σοι
2139 4281 2454 4363 σύνηθες·
2502 4276 2620 4345 εἴτ’
2672 4281 2755 4347 ὀὲν

421 4380 543 4469 μὲν
599 4383 710 4450 καὶ
762 4387 972 4476 τούτῳ
1027 4392 1451 4474 προσπαθῃς,
1513 4384 1623 4453 καὶ
1677 4394 1871 4452 τοῦτο
1925 4387 2127 4453 πάλιν
2177 4391 2364 4452 κλαῖε
2418 4384 2526 4453 καὶ
2585 4389 2753 4472 ζήτει

422 4493 649 4577 στίχον
694 4493 926 4577 ὅμοιον
970 4502 1061 4580 τῷ
1107 4493 1483 4579 Εὐριπίδου
1527 4501 1799 4579 ποιῆσαι
