3309 5167
1423 377 1851 442 „29-

547 536 716 603 Plut.
745 558 811 603 π.
840 545 1059 623 φυγῆς
1088 559 1226 622 cap.
1259 539 1360 603 17.
1397 534 1570 604 Ἀλλ’
1601 579 1606 585 -
1773 537 1958 602 Teles
1987 559 2046 621 p.
2077 536 2181 621 20,
2210 537 2271 601 4.
2328 536 2495 604 ἀλλὰ
2546 535 2657 603 καὶ
2704 538 2807 603 ὅτι

459 644 913 711 ἐπονείδιστον
949 644 986 710 ὁ
1017 644 1239 729 φυγάς
1272 642 1470 709 ἐστιν.
1495 682 1570 691 --
1686 641 1986 728 μέτοικος
2044 642 2485 721 ὀνειδίζουσιν
2540 646 2610 710 οἱ
2648 650 2806 710 πολ-

459 752 658 838 Παρά
689 775 761 835 γε
786 764 926 828 τοῖς
953 752 1222 837 ἄφροσι,
1240 749 1441 817 οἱκαὶ
1461 754 1578 817 τὸν
1687 748 1791 815 λοὶ
1839 747 2144 832 λέγοντες
2181 799 2196 814 .
2220 800 2235 814 .

459 860 723 945 πτωχὸν
795 860 1160 944 λοιδόρημα
1226 866 1576 925 ποιοῦνται

458 963 570 1031 καὶ
616 965 735 1030 τὸν
781 966 1124 1051 φαλακρὸν
1157 962 1268 1031 καὶ
1308 966 1429 1031 τὸν
1473 989 1578 1051 μι-

460 1074 627 1158 κρὸν
661 1068 772 1136 καὶ
808 1072 891 1155 νὴ
918 1074 1055 1137 Δία
1081 1074 1200 1137 τὸν
1239 1070 1432 1151 ξένον
1465 1070 1577 1139 καὶ

460 1180 582 1244 τὸν
626 1176 949 1264 μέτοικον.

463 1335 478 1349 .
499 1335 515 1349 .
544 1288 614 1351 τί
653 1280 776 1352 οὖν
818 1285 904 1351 οὐ
947 1282 1058 1351 καὶ
1106 1289 1189 1351 σὺ
1234 1288 1580 1373 λοιδορού-
1688 1282 1799 1349 καὶ
1852 1284 2130 1370 Κάδμον
2185 1282 2308 1370 μὲν
2372 1286 2493 1351 τὸν
2538 1288 2809 1371 κτίστην

460 1415 656 1478 μενος
684 1393 903 1477 φυγὰς
928 1392 1277 1478 ἀποκρίνῃ·
1315 1390 1426 1459 καὶ
1454 1394 1579 1479 γὰρ
1694 1394 1936 1475 Θηβῶν
1965 1391 2348 1476 θαυμάζεις,
2382 1389 2495 1477 ἐμὲ
2530 1389 2607 1458 δὲ
2632 1396 2695 1459 εἰ
2719 1396 2808 1479 μή

459 1499 496 1565 ὁ
546 1508 666 1565 τοῦ
714 1496 1117 1586 ἹΙρακλεόυς
1177 1509 1297 1566 τοῦ
1357 1505 1581 1566 καλλι-
1692 1499 1913 1584 <είμι>
1958 1502 2231 1582 πολίτης
2276 1499 2645 1579 ὀνειδίζεις
2697 1499 2809 1567 καὶ

459 1610 654 1672 νίκου
705 1607 919 1693 πατὴρ
975 1608 1196 1691 φυγὰς
1247 1601 1336 1691 ἦν
1387 1605 1497 1672 καὶ
1543 1607 1580 1673 ὁ
1684 1603 2009 1691 Ἡρακλέα
2054 1601 2178 1690 μὲν
2223 1604 2314 1683 ῶς
2366 1608 2641 1692 ἄριστον
2694 1609 2811 1673 άν-

460 1722 582 1796 τοῦ
599 1714 946 1781 Διονύσου
973 1714 1236 1791 πάππος
1264 1762 1280 1777 .
1301 1762 1316 1777 .
1346 1715 1442 1790 εἰς
1467 1713 1586 1791 τὰς
1693 1713 1820 1798 δρα
1850 1714 2194 1795 γεγονότα
2250 1711 2679 1799 ἐπαινοῦμεν,
2732 1715 2806 1779 τὸ

463 1822 688 1905 Θήβας
731 1823 1278 1907 παραγενόμενος.
1696 1816 1771 1885 δὲ
1808 1868 1823 1883 .
1854 1868 1869 1885 .

634 1926 767 1994 Ubi
804 1929 977 2014 quod
1021 1927 1092 1993 in
1119 1926 1406 1993 Hercule
1443 1926 1852 2012 dissentiunt,
1898 1930 2012 1991 aut
2055 1925 2151 1991 ita
2195 1926 2646 2011 explicandum
2692 1933 2809 2013 est,

457 2038 532 2099 ut
576 2035 762 2100 Teles
809 2035 975 2100 falso
1031 2034 1494 2119 interpretatus
1551 2034 1640 2099 sit
1688 2034 2049 2119 Stilponem
2100 2034 2315 2099 verbis
2366 2032 2696 2123 “Ηρακλῆς
2740 2033 2801 2101 δ’

457 2141 524 2222 ἐξ
571 2141 859 2229 ’Ἁργους
913 2141 1208 2208 ἐκπεσὼν
1267 2144 1521 2228 Θήβησι
1575 2139 1879 2230 μετςόκει,
1945 2164 2107 2227 quae
2172 2143 2255 2207 ab
2309 2141 2451 2226 ipso
2510 2142 2811 2227 apposita

457 2271 598 2313 esse
636 2248 986 2332 verisimile
1033 2254 1134 2315 est
1178 2254 1243 2315 et
1279 2254 1546 2335 propter
1582 2250 1860 2347 formam
1896 2253 1962 2314 et
1995 2252 2263 2334 propter
2300 2248 2808 2335 collocationem,
2868 2326 2879 2339 .

457 2360 570 2421 aut
622 2356 718 2421 ita
770 2360 846 2421 ut
899 2355 954 2421 is
1003 2356 1116 2441 qui
1163 2361 1376 2422 cetera
1419 2356 1700 2421 mutavit
1743 2355 1869 2421 hoc
1915 2378 2170 2442 quoque
2215 2356 2293 2421 de
2337 2354 2617 2421 Hercule
2662 2356 2807 2441 ipso

458 2462 702 2528 dictum
765 2462 836 2529 in
895 2468 1149 2547 patrem
1203 2463 1611 2529 transtulerit
1668 2467 1938 2548 propter
2001 2462 2519 2529 concinnitatem.
2611 2463 2805 2547 Apud

457 2570 730 2635 eundem
773 2568 1195 2634 Plutarchum
1249 2574 1595 2635 occurrunt
1649 2569 1809 2635 haec
1854 2566 1949 2656 (π.
1995 2576 2216 2654 φυγῆς
2260 2590 2309 2633 c.
2350 2569 2390 2633 6
2437 2592 2499 2653 p.
2538 2570 2664 2635 601
2688 2567 2808 2657 D):

455 2675 644 2759 ἡμεῖς
679 2673 743 2741 δ’
778 2675 968 2742 αὐτοὶ
1006 2674 1372 2763 συνδέομεν
1408 2675 1707 2760 ἑαυτοὺς,
1744 2684 2389 2762 συστενοχωροῦμεν,
2436 2674 2807 2759 ἐγκατοικο-

461 2782 825 2867 δομοῦμεν,
881 2785 974 2859 εἰς
1028 2785 1228 2869 μικρὰ
1281 2782 1394 2849 καὶ
1439 2788 1717 2869 γλίσχρα
1773 2785 2297 2869 συνελαύνομεν,
2352 2804 2515 2868 quae
2570 2782 2809 2847 similia

461 2892 614 2952 sunt
674 2887 938 2954 illorum
989 2890 1229 2955 Teletis
1294 2914 1354 2976 p.
1399 2891 1506 2975 15,
1558 2892 1642 2955 14
1706 2887 1849 2955 ἀλλ’
1912 2890 2101 2975 ἡμεῖς
2162 2895 2499 2974 πολλαχοῦ
2564 2890 2808 2968 αὑτοὺς

458 2996 944 3083 κατορύττομεν
987 2994 1098 3062 καὶ
1143 2998 1440 3081 φυγάδες
1484 3000 1830 3083 γενόμενοι
1874 2995 1985 3064 καὶ
2035 2996 2107 3062 ἐν
2152 3006 2229 3083 τῇ
2288 2999 2427 3085 ἰδίᾳ
2473 2996 2805 3083 μένοντες,

459 3105 655 3187 atque
683 3103 906 3168 eadem
934 3102 1258 3169 sententia
1291 3104 1618 3169 invenitur
1653 3104 1725 3169 in
1748 3103 1961 3189 Epict.
1992 3102 2141 3169 dise.
2170 3103 2220 3189 I,
2249 3106 2352 3188 25,
2382 3106 2466 3171 28
2502 3108 2803 3172 καθόλου

455 3210 584 3297 γὰρ
633 3209 892 3276 ἐκείνου
937 3209 1264 3297 μέμνησο,
1326 3212 1428 3277 ὅτι
1476 3210 1754 3289 ἑαυτοὺς
1815 3213 2173 3296 θλίβομεν,
2238 3209 2516 3289 ἑαυτοὺς
2578 3229 2801 3278 στενο-

457 3326 802 3404 χωροῦμεν
841 3316 1034 3403 (quae
1081 3317 1174 3383 sic
1215 3318 1682 3405 interpretatur
1717 3318 2084 3403 Epictetus:
2131 3316 2309 3384 τοῦτ’
2352 3320 2491 3385 ἔστι
2534 3319 2616 3384 τὰ
2650 3320 2807 3401 δόγ-

460 3446 628 3506 ματα
671 3423 842 3510 ἡμᾶς
884 3428 1110 3509 θλίβει
1155 3422 1266 3491 καὶ
1313 3423 1755 3513 στενοχωρεῖ).
1827 3426 2169 3490 Praeterea
2212 3424 2295 3489 ab
2342 3425 2569 3490 eodem
2611 3425 2806 3490 aliam

461 3529 531 3591 in
564 3529 840 3595 formam
877 3531 1293 3618 convertitur,
1337 3555 1486 3597 cum
1521 3533 1980 3598 admoneamur
2008 3532 2153 3617 (III,
2182 3534 2287 3617 20,
2318 3531 2417 3619 8):
2461 3530 2799 3599 παύσασθ’

435 3633 738 3726 ’ἑαυτοὺς
792 3640 1078 3716 δούλους
1129 3648 1480 3717 ποιοῦντες
1532 3650 1798 3725 πρῶτον
1851 3650 1987 3705 τῶν
2035 3638 2467 3726 πραγμάτων,
2522 3636 2663 3706 εἶτα
2708 3637 2799 3705 δι’

463 3742 630 3807 αὐτὰ
677 3740 788 3807 καὶ
833 3754 966 3810 τῶν
1011 3743 1391 3832 ἀνθρώπων
1435 3757 1572 3812 τῶν
1614 3755 1821 3812 ταῦτα
1866 3756 2235 3832 περιποιεῖν
2280 3744 2321 3829 ἢ
2366 3745 2805 3833 ἀφαιρεῖσθαι

462 3846 888 3934 δυναμένων,
940 3872 1096 3915 nam
1140 3851 1316 3938 (1,,1,
1353 3850 1463 3941 14)
1518 3851 1808 3938 θέλομεν
1860 3857 2129 3919 πολλῶν
2184 3851 2639 3938 ἐπιμελεῖσθαι
2693 3852 2803 3919 καὶ

459 3960 736 4033 πολλοῖς
768 3954 1278 4043 προσδεδέσθαι,
1313 3956 1424 4024 καὶ
1460 3968 1550 4047 τῷ
1589 3960 1838 4045 σώματι
1874 3957 1984 4025 καὶ
2020 3968 2099 4045 τῇ
2134 3961 2358 4043 κτήσει
2394 3956 2505 4025 καὶ
2536 3958 2803 4048 ἀδελφῷ

457 4061 570 4129 καὶ
617 4066 793 4151 φίλω
839 4060 950 4127 καὶ
995 4061 1201 4152 τέκνω
1245 4063 1358 4130 καὶ
1404 4065 1643 4155 δούλῳ.
1735 4065 2029 4151 Denique
2085 4066 2443 4133 similitudo
2489 4066 2804 4151 quaedam

461 4168 804 4235 intercedit
855 4168 1027 4233 inter
1081 4190 1224 4233 eam
1269 4172 1842 4258 comparationem,
1901 4196 2063 4257 quae
2122 4173 2199 4238 de
2248 4173 2497 4238 artibus
2544 4178 2804 4257 sumpta
2928 4182 2949 4196 ⁶

461 4299 500 4341 a
537 4275 830 4361 Stilpone
874 4299 932 4361 p.
977 4279 1077 4362 14,
1105 4278 1279 4343 2--5
1327 4276 1689 4364 adhibetur,
1736 4284 1928 4364 atque
1976 4302 2135 4365 eam,
2182 4303 2376 4365 quam
2422 4279 2695 4365 legimus
2736 4281 2805 4345 in

460 4382 629 4448 Plut.
666 4406 732 4450 π.
770 4391 989 4469 φυγῆς
1051 4406 1344 4481 sermone
1389 4387 1575 4481 916
1621 4410 1682 4470 p.
1714 4384 1931 4451 6060:
1998 4384 2142 4480 ἀλλ’
2203 4382 2360 4452 οὐδὲ
2414 4399 2803 4475 γεωμετρῶν

411 4574 417 4582 ·
459 4491 644 4575 φυγὴ
696 4493 1073 4577 παρρησίαν
1127 4489 1287 4557 οὐδὲ
1341 4503 1809 4580 γραμματικῶν
1861 4491 2239 4577 ἀφαιρεῖται
2282 4492 2435 4581 περὶ
2480 4489 2577 4560 ὧν
2625 4501 2803 4560 ἴσασι
