3309 5167
1408 372 1840 437 „97—

447 532 627 617 piosc
667 521 948 619 ‘denique
996 536 1405 616 exponuntur
1441 532 1599 597 haec
1636 536 1831 616 atque
1871 531 2291 597 similitudine
2332 531 2793 618 Syracusarum

447 641 626 707 urbis
655 641 1069 706 illustrantur
1090 637 1256 727 (cap.
1282 636 1412 727 17),
1441 638 1512 703 in
1538 662 1731 723 quam
1758 639 2135 725 peregrinus
2163 640 2357 725 venit,
2387 640 2536 705 dial.
2550 640 2661 725 VI,
2686 641 2793 705 18:

438 755 596 831 puta
660 750 936 815 nascenti
995 770 1091 813 me
1153 749 1264 813 tibi
1315 748 1520 813 venire
1571 749 1643 812 in
1698 749 2021 815 consilium
2034 770 2055 812 .·
2118 749 2506 833 „intraturus
2558 769 2621 813 es
2672 769 2795 812 ur-

447 857 595 922 bem
631 858 749 922 dis
787 855 1346 937 hominibusque
1379 875 1849 937 communem,
1896 857 2107 920 omnia
2143 856 2537 940 complexam,
2572 856 2795 920 certis

449 964 731 1047 leyibus
793 963 1262 1045 aeternisque
1323 962 1757 1040 devinctam,
1813 962 2317 1045 indefatiyata
2369 963 2793 1027 caelestium

448 1072 718 1151 officia
761 1072 1139 1136 volventem“.
1213 1068 1380 1132 Tum
1418 1072 1776 1152 sequuntur
1818 1106 1892 1115 —
1936 1072 2011 1131 ut
2048 1069 2217 1152 apud
2252 1068 2675 1133 Plutarchum
2713 1107 2788 1116 —

448 1176 706 1262 singula
759 1176 992 1241 sidera:
1047 1176 1173 1261 sol,
1229 1174 1341 1259 qui
1385 1197 1500 1259 per
1546 1174 1763 1240 omnia
1807 1175 2005 1261 lueet,
2064 1176 2235 1241 diem
2277 1180 2658 1260 noctemque
2706 1176 2795 1241 di-

447 1283 612 1349 vidit
666 1288 860 1368 atque
915 1288 1210 1367 tempora
1261 1282 1440 1368 anni,
1494 1282 1674 1367 luna,
1722 1304 1885 1367 quac
1942 1281 2133 1347 certis
2180 1281 2408 1367 spatiis
2456 1282 2683 1347 crescit
2729 1286 2794 1346 et

445 1390 777 1477 minuitur,
822 1390 1135 1475 planetae,
1183 1389 1295 1475 qui
1339 1389 1731 1474 populorum
1777 1389 2069 1455 fortunas
2117 1394 2370 1475 regimt.
2384 1387 2437 1478 ¹)

626 1498 749 1575 Qui
805 1497 933 1563 loci
986 1502 1061 1562 ut
1115 1496 1475 1562 enumerari
1529 1496 1743 1562 solum
1799 1501 2073 1581 possunt
2116 1518 2323 1582 neque
2370 1496 2578 1581 qualis
2625 1496 2795 1561 inter

449 1626 557 1671 eos
613 1605 968 1670 intercedat
1021 1627 1224 1670 nexus
1280 1603 1660 1689 investigari
1714 1609 1957 1689 potest,
2020 1604 2115 1669 ita
2168 1608 2425 1669 tantum
2479 1604 2798 1688 adnotem,

447 1712 721 1777 eundem
768 1712 1236 1778 sententiarum
1279 1734 1542 1797 nexum,
1591 1712 1704 1796 qui
1750 1712 1921 1796 apud
1963 1711 2385 1777 Plutarchum
2433 1711 2649 1777 verbis
2697 1712 2798 1776 ὅτι

441 1816 616 1913 ιμηδὲ
671 1824 944 1911 Σουνίῳ
1001 1843 1054 1885 6.
1107 1844 1168 1905 q.
1221 1844 1270 1885 s.
1331 1818 1637 1905 efficitur,
1702 1840 2033 1884 occurrere
2088 1818 2158 1882 in
2210 1818 2381 1883 Max.
2437 1819 2587 1903 Tyr.
2644 1818 2796 1883 diss.

446 1926 662 2012 XVII,
713 1930 822 2013 12,
896 1927 1010 1993 uhi
1082 1926 1410 1992 inducitur
1472 1925 1688 1992 verbis
1749 1928 2075 2011 βούλομαι
2133 1924 2212 1991 δέ
2272 1943 2377 1991 σοι
2447 1924 2653 2004 δεῖξαι
2722 1927 2797 1991 τὸ

447 2036 808 2119 λεγόμενον
846 2032 1218 2121 σαφεστέρα
1255 2036 1488 2099 εἰκόνιτ
1537 2037 2076 2098 commemoratur
2121 2033 2288 2119 ἀρχὴ
2324 2031 2435 2098 καὶ
2473 2036 2797 2117 βασιλεία,

447 2140 629 2205 0111118
657 2141 818 2206 fines
837 2164 970 2206 non
989 2141 1254 2205 flumine
1275 2141 1572 2225 quodam,
1593 2140 1706 2205 sed
1726 2140 1901 2204 caelo
1923 2144 2117 2225 atque
2137 2144 2311 2204 terra
2330 2138 2798 2223 circumscripti

451 2248 586 2312 sint
651 2246 762 2336 (cf.
805 2248 947 2313 Sen.
985 2252 1117 2313 nat.
1157 2232 1402 2333 quaest.
1447 2246 1496 2311 I.
1543 2247 1708 2331 prol.
1748 2248 1813 2331 83
1852 2270 1898 2311 s.
1936 2270 1996 2331 p.
2037 2245 2181 2336 45),
2246 2247 2361 2313 illo
2406 2248 2617 2331 ὑψοῦ,
2678 2247 2800 2312 hac

447 2358 746 2442 ἔνερθεν,
800 2359 876 2419 ut
919 2355 988 2420 in
1034 2360 1317 2420 mentem
1363 2354 1554 2420 nobis
1601 2353 1867 2419 veniant
1911 2354 2013 2418 illi
2058 2377 2280 2420 versus
2326 2354 2661 2439 Euripidei

621 2463 783 2549 ὁρᾷς
826 2464 946 2528 τὸν
989 2462 1195 2542 ὑψοῦ
1240 2459 1426 2528 τόνδ’
1476 2462 1754 2548 ἄπειρον
1800 2460 2088 2549 αἰθέρα

621 2568 730 2635 καὶ
777 2579 922 2653 γῆν
965 2567 1152 2654 πέριξ
1201 2566 1428 2655 ἔχονθ’
1476 2568 1716 2655 ὑγραῖς
1760 2567 1834 2633 ἐν
1878 2567 2195 2652 ἀγκάλαις
2232 2567 2340 2657 (fr.
2381 2566 2560 2657 941).

445 2677 694 2741 Domus
759 2676 1032 2761 denique
1096 2676 1318 2740 eadem
1382 2675 1451 2740 in
1515 2698 1584 2739 re
1647 2681 1917 2741 vocatur
1980 2671 2256 2741 mundus
2321 2675 2424 2739 his
2481 2674 2793 2741 Varronis

449 2787 703 2847 saturae
750 2784 1010 2849 Delium
1054 2788 1168 2848 aut
1210 2782 1394 2849 Seria
1437 2782 1761 2848 versibus:

962 2891 1244 2955 Mundus
1287 2892 1504 2955 domus
1547 2896 1636 2956 est
1678 2912 1981 2956 maxuma
2023 2891 2310 2975 homlli,

963 2998 1164 3079 Quam
1209 2998 1477 3080 quinque
1519 2998 1815 3063 altitonae
1858 3000 2279 3082 flammiyerae

841 3148 844 3151 <
961 3105 1174 3170 Zonae
1216 3106 1494 3187 cinyunt,
1529 3126 1648 3187 per
1692 3126 1881 3189 quam
1928 3106 2153 3171 limbus

955 3212 1082 3279 Bis
1115 3233 1220 3277 sex
1263 3213 1459 3295 signis
1501 3213 2050 3279 stellumicantzhus

956 3319 1166 3401 Aptus
1207 3320 1278 3383 in
1323 3319 1564 3401 obliquo
1609 3320 1847 3385 aethere
1893 3321 2109 3385 Danae

1139 3427 1309 3510 biyas
1354 3432 1636 3509 accepta-t.
1963 3424 1984 3467 K

623 3535 679 3598 3.
740 3533 878 3598 Iam
915 3556 1082 3598 unus
1120 3532 1329 3621 libelli
1362 3532 1733 3597 Plutarchei
1772 3536 1976 3597 restat
2012 3532 2210 3618 106118,
2254 3532 2368 3596 ubi
2406 3523 2793 3597 sententiam

446 3639 622 3725 huic,
671 3663 863 3724 quam
908 3640 1100 3705 modo
1147 3638 1683 3723 perlustravimus
1693 3690 1711 3724 ,
1764 3640 1955 3723 plane
2002 3638 2367 3724 oppositam
2412 3640 2791 3726 invenimuS‚

449 3766 610 3828 quae
654 3749 873 3809 tamen
918 3748 1184 3812 eandem
1222 3746 1515 3832 sequitur
1551 3745 1888 3833 rationem,
1931 3769 2161 3833 nempe
2197 3747 2476 3831 patriam
2511 3747 2792 3812 hominis

446 3852 695 3916 caelum
743 3874 908 3918 esse:
954 3877 1104 3921 nam
1149 3858 1225 3919 ut
1268 3858 1591 3939 proptera,
1637 3853 2005 3939 ubicunque
2051 3859 2152 3919 est
2192 3854 2431 3939 mundi,
2477 3853 2545 3919 in
2580 3853 2794 3938 patria

586 4067 640 4135 1)
682 4064 844 4130 Quod
878 4064 940 4118 in
977 4064 1338 4134 sequentibus
1368 4068 1661 4121 enumerat
1694 4065 2353 4135 terrestriaspectacula,
2390 4082 2504 4121 non
2541 4064 2793 4135 sequitur

439 4154 499 4207 id
546 4154 700 4223 quod
737 4153 848 4208 sibi
883 4153 1204 4224 proposuit,
1243 4154 1460 4209 scilicet
1494 4156 1561 4208 ut
1595 4155 1793 4208 urbem
1829 4153 1991 4207 illam
2026 4152 2223 4206 mundi
2260 4156 2419 4209 certis
2456 4156 2662 4226 leyibus
2700 4156 2786 4210 de-

439 4245 679 4298 vinctam
735 4230 856 4297 esse
905 4244 1338 4312 demonstraret,
1385 4245 1444 4297 et
1490 4243 1642 4311 quod
1686 4242 1851 4297 initio
1901 4259 2029 4296 eum
2076 4241 2236 4311 sequi
2281 4259 2349 4296 ex
2404 4242 2485 4297 eis
2534 4246 2787 4313 apparet,

443 4349 584 4399 quae
631 4334 700 4387 de
745 4332 991 4403 planetis
1041 4332 1292 4387 disserit:
1341 4350 1408 4387 ex
1451 4334 1645 4387 horam
1682 4332 1967 4387 levissimis
2000 4332 2234 4387 motibus
2267 4333 2526 4399 fortwnae
2554 4335 2787 4402 populo-

441 4436 564 4475 rum
608 4423 906 4491 dependent
951 4430 1001 4477 et
1045 4425 1293 4477 maxima
1339 4440 1404 4477 ac
1449 4424 1681 4476 minima
1719 4422 1957 4491 proinde
1998 4422 2312 4489 formantur
2344 4428 2515 4491 prout
2558 4440 2791 4493 aequum

440 4510 796 4581 iniquwmque
834 4513 990 4567 sidus
1017 4514 1295 4583 processit.

2332 4608 2360 4656 7
