<?xml version="1.0" encoding="UTF-8"?>
<!DOCTYPE html PUBLIC "-//W3C//DTD XHTML 1.0 Transitional//EN"
    "http://www.w3.org/TR/xhtml1/DTD/xhtml1-transitional.dtd">
<html xmlns="http://www.w3.org/1999/xhtml" xml:lang="en" lang="en">
 <head>
  <title>
</title>
<meta http-equiv="Content-Type" content="text/html;charset=utf-8" />
  <meta name='ocr-system' content='tesseract 3.04.00' />
  <meta name='ocr-capabilities' content='ocr_page ocr_carea ocr_par ocr_line ocrx_word'/>
</head>
<body>
  <div class='ocr_page' id='page_1' title='image "./dephilosophorum00giesgoog_0075.png"; bbox 0 0 3309 5167; ppageno 0'>
   <div class='ocr_carea' id='block_1_1' title="bbox 397 531 2869 3936">
    <p class='ocr_par' dir='ltr' id='par_1_1' title="bbox 397 531 2869 3936">
     <span class='ocr_line' id='line_1_1' title="bbox 607 531 2771 619; baseline -0.001 -21"><span class='ocrx_word' id='word_1_1' title='bbox 607 533 689 598; x_wconf 88' lang='lat' dir='ltr'>H.</span> <span class='ocrx_word' id='word_1_2' title='bbox 743 535 797 599; x_wconf 90' lang='lat'>1.</span> <span class='ocrx_word' id='word_1_3' title='bbox 866 532 1082 618; x_wconf 88' lang='lat' dir='ltr'>Atque</span> <span class='ocrx_word' id='word_1_4' title='bbox 1121 534 1188 599; x_wconf 91' lang='lat' dir='ltr'>in</span> <span class='ocrx_word' id='word_1_5' title='bbox 1225 534 1412 599; x_wconf 88' lang='lat' dir='ltr'>initio</span> <span class='ocrx_word' id='word_1_6' title='bbox 1452 556 1601 619; x_wconf 86' lang='lat' dir='ltr'>cap.</span> <span class='ocrx_word' id='word_1_7' title='bbox 1634 536 1671 598; x_wconf 83' lang='lat'><strong>7</strong></span> <span class='ocrx_word' id='word_1_8' title='bbox 1712 532 1970 598; x_wconf 84' lang='lat' dir='ltr'>libelli</span> <span class='ocrx_word' id='word_1_9' title='bbox 2007 531 2456 597; x_wconf 88' lang='lat' dir='ltr'>Plutarchei</span> <span class='ocrx_word' id='word_1_10' title='bbox 2500 532 2771 597; x_wconf 86' lang='lat' dir='ltr'>narrati-</span> 
     </span>
     <span class='ocr_line' id='line_1_2' title="bbox 431 639 2771 733; baseline 0.001 -31"><span class='ocrx_word' id='word_1_11' title='bbox 431 639 666 705; x_wconf 89' lang='lat' dir='ltr'>uncula</span> <span class='ocrx_word' id='word_1_12' title='bbox 701 640 957 726; x_wconf 89' lang='lat' dir='ltr'>legitur,</span> <span class='ocrx_word' id='word_1_13' title='bbox 996 664 1159 726; x_wconf 91' lang='lat' dir='ltr'>quae</span> <span class='ocrx_word' id='word_1_14' title='bbox 1193 640 1508 727; x_wconf 84' lang='lat' dir='ltr'>originem</span> <span class='ocrx_word' id='word_1_15' title='bbox 1539 640 1848 725; x_wconf 77' lang='lat' dir='ltr'>Cynicam</span> <span class='ocrx_word' id='word_1_16' title='bbox 1874 639 2068 704; x_wconf 83' lang='lat' dir='ltr'>nimis</span> <span class='ocrx_word' id='word_1_17' title='bbox 2097 640 2229 703; x_wconf 85' lang='lat' dir='ltr'>fere</span> <span class='ocrx_word' id='word_1_18' title='bbox 2258 644 2477 724; x_wconf 90' lang='lat' dir='ltr'>aperte</span> <span class='ocrx_word' id='word_1_19' title='bbox 2504 639 2771 733; x_wconf 69' lang='lat' dir='ltr'>redolet,</span> 
     </span>
     <span class='ocr_line' id='line_1_3' title="bbox 428 744 2772 834; baseline -0 -23"><span class='ocrx_word' id='word_1_20' title='bbox 428 747 645 813; x_wconf 89' lang='lat' dir='ltr'>nescio</span> <span class='ocrx_word' id='word_1_21' title='bbox 693 771 777 813; x_wconf 90' lang='lat' dir='ltr'>an</span> <span class='ocrx_word' id='word_1_22' title='bbox 819 747 1161 833; x_wconf 80' lang='lat' dir='ltr'>praecipue</span> <span class='ocrx_word' id='word_1_23' title='bbox 1207 772 1283 813; x_wconf 93' lang='lat' dir='ltr'>ea</span> <span class='ocrx_word' id='word_1_24' title='bbox 1327 748 1396 813; x_wconf 91' lang='lat' dir='ltr'>in</span> <span class='ocrx_word' id='word_1_25' title='bbox 1439 771 1539 833; x_wconf 93' lang='lat' dir='ltr'>re,</span> <span class='ocrx_word' id='word_1_26' title='bbox 1596 748 1767 833; x_wconf 90' lang='lat' dir='ltr'>quod</span> <span class='ocrx_word' id='word_1_27' title='bbox 1813 746 2203 812; x_wconf 88' lang='lat' dir='ltr'>inducuntur</span> <span class='ocrx_word' id='word_1_28' title='bbox 2246 746 2557 833; x_wconf 87' lang='lat' dir='ltr'>Aegyptii</span> <span class='ocrx_word' id='word_1_29' title='bbox 2573 744 2626 834; x_wconf 84' lang='grc'>1)</span> <span class='ocrx_word' id='word_1_30' title='bbox 2670 745 2772 811; x_wconf 90' lang='lat' dir='ltr'>illi</span> 
     </span>
     <span class='ocr_line' id='line_1_4' title="bbox 429 845 2771 941; baseline 0 -24"><span class='ocrx_word' id='word_1_31' title='bbox 429 876 559 917; x_wconf 91' lang='lat' dir='ltr'>non</span> <span class='ocrx_word' id='word_1_32' title='bbox 623 853 835 919; x_wconf 91' lang='lat' dir='ltr'>solum</span> <span class='ocrx_word' id='word_1_33' title='bbox 899 854 1207 941; x_wconf 89' lang='lat' dir='ltr'>dicentes,</span> <span class='ocrx_word' id='word_1_34' title='bbox 1239 845 1243 849; x_wconf 57' lang='grc'><strong>’</strong></span> <span class='ocrx_word' id='word_1_35' title='bbox 1274 855 1386 919; x_wconf 89' lang='lat' dir='ltr'>sed</span> <span class='ocrx_word' id='word_1_36' title='bbox 1449 854 1646 919; x_wconf 89' lang='lat' dir='ltr'>etiam</span> <span class='ocrx_word' id='word_1_37' title='bbox 1706 855 1881 919; x_wconf 89' lang='lat' dir='ltr'>haud</span> <span class='ocrx_word' id='word_1_38' title='bbox 1944 877 2095 919; x_wconf 92' lang='lat' dir='ltr'>sane</span> <span class='ocrx_word' id='word_1_39' title='bbox 2160 854 2462 918; x_wconf 86' lang='lat' dir='ltr'>decorum</span> <span class='ocrx_word' id='word_1_40' title='bbox 2525 852 2771 937; x_wconf 89' lang='lat' dir='ltr'>aliquid</span> 
     </span>
     <span class='ocr_line' id='line_1_5' title="bbox 429 959 2771 1047; baseline 0.001 -24"><span class='ocrx_word' id='word_1_41' title='bbox 429 959 738 1025; x_wconf 72' lang='lat' dir='ltr'>facientes</span> <span class='ocrx_word' id='word_1_42' title='bbox 806 960 1288 1039; x_wconf 78' lang='grc' dir='ltr'><strong><em>ἐπιδεικνύντες</em></strong></span> <span class='ocrx_word' id='word_1_43' title='bbox 1337 965 1419 1027; x_wconf 81' lang='grc' dir='ltr'>τὰ</span> <span class='ocrx_word' id='word_1_44' title='bbox 1476 963 1730 1046; x_wconf 78' lang='grc' dir='ltr'>αἰδοῖα,</span> <span class='ocrx_word' id='word_1_45' title='bbox 1793 966 1868 1027; x_wconf 92' lang='lat' dir='ltr'>ut</span> <span class='ocrx_word' id='word_1_46' title='bbox 1922 961 2247 1047; x_wconf 81' lang='lat' dir='ltr'>Diogenes</span> <span class='ocrx_word' id='word_1_47' title='bbox 2300 965 2411 1046; x_wconf 88' lang='lat' dir='ltr'>„ut</span> <span class='ocrx_word' id='word_1_48' title='bbox 2466 983 2568 1025; x_wconf 85' lang='lat' dir='ltr'>res</span> <span class='ocrx_word' id='word_1_49' title='bbox 2625 982 2771 1025; x_wconf 93' lang='lat' dir='ltr'>cum</span> 
     </span>
     <span class='ocr_line' id='line_1_6' title="bbox 430 1062 2771 1155; baseline 0 -26"><span class='ocrx_word' id='word_1_50' title='bbox 430 1066 644 1145; x_wconf 81' lang='lat' dir='ltr'>verbis</span> <span class='ocrx_word' id='word_1_51' title='bbox 718 1068 1124 1134; x_wconf 87' lang='lat' dir='ltr'>consentiren</span> <span class='ocrx_word' id='word_1_52' title='bbox 1165 1068 1198 1101; x_wconf 85' lang='lat'>“</span> <span class='ocrx_word' id='word_1_53' title='bbox 1269 1068 1340 1134; x_wconf 89' lang='lat' dir='ltr'>in</span> <span class='ocrx_word' id='word_1_54' title='bbox 1411 1068 1600 1134; x_wconf 81' lang='lat' dir='ltr'>Dion.</span> <span class='ocrx_word' id='word_1_55' title='bbox 1652 1066 1984 1155; x_wconf 80' lang='lat' dir='ltr'>Chrysost.</span> <span class='ocrx_word' id='word_1_56' title='bbox 2035 1091 2123 1133; x_wconf 87' lang='lat' dir='ltr'>or.</span> <span class='ocrx_word' id='word_1_57' title='bbox 2173 1066 2337 1133; x_wconf 88' lang='lat' dir='ltr'>VIII</span> <span class='ocrx_word' id='word_1_58' title='bbox 2394 1064 2483 1154; x_wconf 92' lang='lat' dir='ltr'>(p.</span> <span class='ocrx_word' id='word_1_59' title='bbox 2532 1068 2659 1131; x_wconf 82' lang='lat'>287</span> <span class='ocrx_word' id='word_1_60' title='bbox 2681 1062 2771 1152; x_wconf 85' lang='lat' dir='ltr'>R)</span> 
     </span>
     <span class='ocr_line' id='line_1_7' title="bbox 431 1170 2869 1262; baseline 0 -25"><span class='ocrx_word' id='word_1_61' title='bbox 431 1172 752 1257; x_wconf 78' lang='grc' dir='ltr'><strong><em>ἐννοήσας</em></strong></span> <span class='ocrx_word' id='word_1_62' title='bbox 813 1170 994 1261; x_wconf 81' lang='grc' dir='ltr'><strong><em>οἶμαι</em></strong></span> <span class='ocrx_word' id='word_1_63' title='bbox 1057 1178 1132 1242; x_wconf 89' lang='grc' dir='ltr'>τὸ</span> <span class='ocrx_word' id='word_1_64' title='bbox 1192 1185 1312 1241; x_wconf 85' lang='grc' dir='ltr'>τοῦ</span> <span class='ocrx_word' id='word_1_65' title='bbox 1361 1174 1765 1262; x_wconf 79' lang='grc' dir='ltr'><strong><em>Ἡρακλέους</em></strong></span> <span class='ocrx_word' id='word_1_66' title='bbox 1826 1178 1985 1253; x_wconf 89' lang='grc' dir='ltr'><strong><em>τοὺς</em></strong></span> <span class='ocrx_word' id='word_1_67' title='bbox 2049 1172 2172 1259; x_wconf 71' lang='grc' dir='ltr'>μὲν</span> <span class='ocrx_word' id='word_1_68' title='bbox 2234 1177 2477 1257; x_wconf 79' lang='grc' dir='ltr'><strong><em>λόγους</em></strong></span> <span class='ocrx_word' id='word_1_69' title='bbox 2539 1172 2773 1257; x_wconf 80' lang='grc' dir='ltr'><strong><em>ἀφῆκε,</em></strong></span> <span class='ocrx_word' id='word_1_70' title='bbox 2862 1251 2869 1255; x_wconf 25' lang='lat'>¹</span> 
     </span>
     <span class='ocr_line' id='line_1_8' title="bbox 428 1278 2769 1370; baseline -0 -26"><span class='ocrx_word' id='word_1_71' title='bbox 428 1278 630 1365; x_wconf 79' lang='grc' dir='ltr'><strong><em>χαμαὶ</em></strong></span> <span class='ocrx_word' id='word_1_72' title='bbox 676 1278 750 1346; x_wconf 74' lang='grc' dir='ltr'>δὲ</span> <span class='ocrx_word' id='word_1_73' title='bbox 793 1285 1233 1367; x_wconf 80' lang='grc' dir='ltr'><strong><em>καθεζόμενος</em></strong></span> <span class='ocrx_word' id='word_1_74' title='bbox 1280 1282 1487 1349; x_wconf 81' lang='grc' dir='ltr'><strong><em>ἐποίει</em></strong></span> <span class='ocrx_word' id='word_1_75' title='bbox 1531 1308 1596 1349; x_wconf 90' lang='grc' dir='ltr'>τι</span> <span class='ocrx_word' id='word_1_76' title='bbox 1641 1294 1775 1349; x_wconf 85' lang='grc' dir='ltr'>τῶν</span> <span class='ocrx_word' id='word_1_77' title='bbox 1821 1281 2079 1360; x_wconf 78' lang='grc' dir='ltr'><strong><em>ἀδόξων</em></strong></span> <span class='ocrx_word' id='word_1_78' title='bbox 2124 1279 2229 1370; x_wconf 83' lang='lat' dir='ltr'>(cf.</span> <span class='ocrx_word' id='word_1_79' title='bbox 2260 1281 2336 1345; x_wconf 85' lang='lat' dir='ltr'>E.</span> <span class='ocrx_word' id='word_1_80' title='bbox 2364 1280 2608 1345; x_wconf 89' lang='lat' dir='ltr'>Weber</span> <span class='ocrx_word' id='word_1_81' title='bbox 2648 1279 2687 1345; x_wconf 91' lang='lat' dir='ltr'>l.</span> <span class='ocrx_word' id='word_1_82' title='bbox 2720 1303 2769 1345; x_wconf 91' lang='lat' dir='ltr'>c.</span> 
     </span>
     <span class='ocr_line' id='line_1_9' title="bbox 428 1385 2773 1476; baseline 0 -25"><span class='ocrx_word' id='word_1_83' title='bbox 428 1410 487 1471; x_wconf 90' lang='lat' dir='ltr'>p.</span> <span class='ocrx_word' id='word_1_84' title='bbox 533 1386 704 1476; x_wconf 88' lang='grc'>140).</span> <span class='ocrx_word' id='word_1_85' title='bbox 800 1388 1208 1455; x_wconf 85' lang='lat' dir='ltr'>Simillimam</span> <span class='ocrx_word' id='word_1_86' title='bbox 1265 1393 1482 1454; x_wconf 88' lang='lat' dir='ltr'>autem</span> <span class='ocrx_word' id='word_1_87' title='bbox 1527 1389 1829 1454; x_wconf 85' lang='lat' dir='ltr'>universa</span> <span class='ocrx_word' id='word_1_88' title='bbox 1872 1409 1951 1452; x_wconf 84' lang='lat' dir='ltr'>ex</span> <span class='ocrx_word' id='word_1_89' title='bbox 2005 1386 2219 1451; x_wconf 90' lang='lat' dir='ltr'>indole</span> <span class='ocrx_word' id='word_1_90' title='bbox 2276 1386 2546 1451; x_wconf 84' lang='lat' dir='ltr'>dixerim</span> <span class='ocrx_word' id='word_1_91' title='bbox 2591 1385 2773 1451; x_wconf 88' lang='lat' dir='ltr'>illam</span> 
     </span>
     <span class='ocr_line' id='line_1_10' title="bbox 429 1493 2771 1582; baseline 0 -25"><span class='ocrx_word' id='word_1_92' title='bbox 429 1494 505 1558; x_wconf 91' lang='lat' dir='ltr'>de</span> <span class='ocrx_word' id='word_1_93' title='bbox 533 1493 824 1559; x_wconf 89' lang='lat' dir='ltr'>Lacaena</span> <span class='ocrx_word' id='word_1_94' title='bbox 859 1495 1428 1582; x_wconf 86' lang='lat' dir='ltr'>narratiunculam,</span> <span class='ocrx_word' id='word_1_95' title='bbox 1467 1518 1663 1581; x_wconf 89' lang='lat' dir='ltr'>quam</span> <span class='ocrx_word' id='word_1_96' title='bbox 1689 1495 1915 1560; x_wconf 80' lang='lat' dir='ltr'>Bionis</span> <span class='ocrx_word' id='word_1_97' title='bbox 1956 1516 2095 1559; x_wconf 89' lang='lat' dir='ltr'>esse</span> <span class='ocrx_word' id='word_1_98' title='bbox 2128 1515 2325 1578; x_wconf 89' lang='lat' dir='ltr'>supra</span> <span class='ocrx_word' id='word_1_99' title='bbox 2352 1493 2771 1579; x_wconf 83' lang='lat' dir='ltr'>cognovimus</span> 
     </span>
     <span class='ocr_line' id='line_1_11' title="bbox 428 1598 2773 1689; baseline 0 -25"><span class='ocrx_word' id='word_1_100' title='bbox 428 1598 640 1688; x_wconf 86' lang='lat' dir='ltr'>(Teles</span> <span class='ocrx_word' id='word_1_101' title='bbox 687 1626 746 1686; x_wconf 88' lang='lat' dir='ltr'>p.</span> <span class='ocrx_word' id='word_1_102' title='bbox 785 1603 891 1688; x_wconf 82' lang='lat'>45,</span> <span class='ocrx_word' id='word_1_103' title='bbox 934 1604 968 1668; x_wconf 92' lang='grc'><strong>1</strong></span> <span class='ocrx_word' id='word_1_104' title='bbox 993 1600 1189 1689; x_wconf 89' lang='lat' dir='ltr'>sqq.):</span> <span class='ocrx_word' id='word_1_105' title='bbox 1256 1606 1612 1688; x_wconf 82' lang='grc' dir='ltr'><strong><em>φυγόντων</em></strong></span> <span class='ocrx_word' id='word_1_106' title='bbox 1670 1603 1797 1688; x_wconf 76' lang='grc' dir='ltr'>γὰρ</span> <span class='ocrx_word' id='word_1_107' title='bbox 1857 1601 2061 1685; x_wconf 81' lang='grc' dir='ltr'><strong><em>αὐτῆς</em></strong></span> <span class='ocrx_word' id='word_1_108' title='bbox 2118 1612 2254 1666; x_wconf 82' lang='grc' dir='ltr'>τῶν</span> <span class='ocrx_word' id='word_1_109' title='bbox 2307 1602 2478 1666; x_wconf 74' lang='grc' dir='ltr'><strong><em>υἱῶν</em></strong></span> <span class='ocrx_word' id='word_1_110' title='bbox 2534 1599 2605 1666; x_wconf 82' lang='grc' dir='ltr'>ἐκ</span> <span class='ocrx_word' id='word_1_111' title='bbox 2655 1609 2773 1685; x_wconf 81' lang='grc' dir='ltr'>τῆς</span> 
     </span>
     <span class='ocr_line' id='line_1_12' title="bbox 427 1707 2773 1797; baseline 0.001 -26"><span class='ocrx_word' id='word_1_112' title='bbox 427 1707 634 1792; x_wconf 81' lang='grc' dir='ltr'><strong><em>μάχης</em></strong></span> <span class='ocrx_word' id='word_1_113' title='bbox 685 1707 796 1775; x_wconf 85' lang='grc' dir='ltr'>καὶ</span> <span class='ocrx_word' id='word_1_114' title='bbox 851 1708 1407 1797; x_wconf 76' lang='grc' dir='ltr'><strong><em>παραγενομένων</em></strong></span> <span class='ocrx_word' id='word_1_115' title='bbox 1461 1712 1628 1796; x_wconf 81' lang='grc' dir='ltr'><strong><em>πρὸς</em></strong></span> <span class='ocrx_word' id='word_1_116' title='bbox 1684 1707 1923 1793; x_wconf 82' lang='grc' dir='ltr'><strong><em>αὐτήν,</em></strong></span> <span class='ocrx_word' id='word_1_117' title='bbox 1985 1708 2217 1793; x_wconf 80' lang='grc' dir='ltr'><strong>,,ποῦ“</strong></span> <span class='ocrx_word' id='word_1_118' title='bbox 2273 1711 2483 1792; x_wconf 82' lang='grc' dir='ltr'><strong><em>φησίν</em></strong></span> <span class='ocrx_word' id='word_1_119' title='bbox 2535 1707 2773 1791; x_wconf 54' lang='lat' dir='ltr'>„fixam-s</span> 
     </span>
     <span class='ocr_line' id='line_1_13' title="bbox 428 1813 2771 1904; baseline 0 -25"><span class='ocrx_word' id='word_1_120' title='bbox 428 1816 816 1898; x_wconf 78' lang='grc' dir='ltr'><strong><em>φεύγοντες;</em></strong></span> <span class='ocrx_word' id='word_1_121' title='bbox 870 1815 912 1900; x_wconf 79' lang='grc' dir='ltr'><em>ἢ</em></span> <span class='ocrx_word' id='word_1_122' title='bbox 961 1818 1160 1904; x_wconf 77' lang='grc' dir='ltr'><strong><em>δεῦρο</em></strong></span> <span class='ocrx_word' id='word_1_123' title='bbox 1214 1818 1735 1902; x_wconf 80' lang='grc' dir='ltr'><strong><em>καταδυσόμενοι</em></strong></span> <span class='ocrx_word' id='word_1_124' title='bbox 1784 1817 1949 1881; x_wconf 81' lang='grc' dir='ltr'><strong><em>ὅθεν</em></strong></span> <span class='ocrx_word' id='word_1_125' title='bbox 1994 1813 2333 1894; x_wconf 49' lang='grc' dir='ltr'>ἐξέδυτεςίί</span> <span class='ocrx_word' id='word_1_126' title='bbox 2378 1814 2771 1900; x_wconf 80' lang='grc' dir='ltr'><strong><em>ἀνασυρα-</em></strong></span> 
     </span>
     <span class='ocr_line' id='line_1_14' title="bbox 427 1920 2775 2008; baseline 0 -22"><span class='ocrx_word' id='word_1_127' title='bbox 427 1920 618 2005; x_wconf 83' lang='grc' dir='ltr'><strong><em>μένη</em></strong></span> <span class='ocrx_word' id='word_1_128' title='bbox 680 1922 809 1988; x_wconf 82' lang='grc' dir='ltr'>καὶ</span> <span class='ocrx_word' id='word_1_129' title='bbox 873 1925 1191 2003; x_wconf 80' lang='grc' dir='ltr'><strong><em>δείξασα</em></strong></span> <span class='ocrx_word' id='word_1_130' title='bbox 1256 1922 1545 2002; x_wconf 79' lang='grc' dir='ltr'><strong><em>αὐτοῖς.</em></strong></span> <span class='ocrx_word' id='word_1_131' title='bbox 1637 1924 1956 1995; x_wconf 88' lang='lat' dir='ltr'>Bioneum</span> <span class='ocrx_word' id='word_1_132' title='bbox 2020 1922 2222 2008; x_wconf 84' lang='lat' dir='ltr'>igitur</span> <span class='ocrx_word' id='word_1_133' title='bbox 2283 1921 2421 2007; x_wconf 90' lang='lat' dir='ltr'>„sal</span> <span class='ocrx_word' id='word_1_134' title='bbox 2476 1921 2775 2007; x_wconf 85' lang='lat' dir='ltr'>nigrum“</span> 
     </span>
     <span class='ocr_line' id='line_1_15' title="bbox 427 2028 2772 2118; baseline 0 -25"><span class='ocrx_word' id='word_1_135' title='bbox 427 2030 902 2117; x_wconf 83' lang='lat' dir='ltr'>cognoscimus,</span> <span class='ocrx_word' id='word_1_136' title='bbox 960 2033 1072 2097; x_wconf 91' lang='lat' dir='ltr'>sed</span> <span class='ocrx_word' id='word_1_137' title='bbox 1127 2032 1502 2118; x_wconf 86' lang='lat' dir='ltr'>mitigatum</span> <span class='ocrx_word' id='word_1_138' title='bbox 1557 2032 2057 2117; x_wconf 87' lang='lat' dir='ltr'>quodammodo,</span> <span class='ocrx_word' id='word_1_139' title='bbox 2114 2052 2259 2095; x_wconf 89' lang='lat' dir='ltr'>cum</span> <span class='ocrx_word' id='word_1_140' title='bbox 2315 2029 2560 2095; x_wconf 90' lang='lat' dir='ltr'>dictum</span> <span class='ocrx_word' id='word_1_141' title='bbox 2610 2028 2772 2094; x_wconf 92' lang='lat' dir='ltr'>illud</span> 
     </span>
     <span class='ocr_line' id='line_1_16' title="bbox 397 2134 2773 2225; baseline 0.001 -26"><span class='ocrx_word' id='word_1_142' title='bbox 397 2138 872 2225; x_wconf 76' lang='grc' dir='ltr'><strong><em>,κυνικώτερον</em></strong></span> <span class='ocrx_word' id='word_1_143' title='bbox 919 2162 1057 2204; x_wconf 92' lang='lat' dir='ltr'>esse</span> <span class='ocrx_word' id='word_1_144' title='bbox 1104 2139 1382 2225; x_wconf 87' lang='lat' dir='ltr'>dicatur,</span> <span class='ocrx_word' id='word_1_145' title='bbox 1428 2144 1622 2224; x_wconf 89' lang='lat' dir='ltr'>atque</span> <span class='ocrx_word' id='word_1_146' title='bbox 1671 2138 1846 2204; x_wconf 85' lang='lat' dir='ltr'>aliud</span> <span class='ocrx_word' id='word_1_147' title='bbox 1894 2141 2284 2225; x_wconf 89' lang='lat' dir='ltr'>opponatur,</span> <span class='ocrx_word' id='word_1_148' title='bbox 2330 2138 2504 2223; x_wconf 89' lang='lat' dir='ltr'>quod</span> <span class='ocrx_word' id='word_1_149' title='bbox 2550 2134 2773 2224; x_wconf 80' lang='grc' dir='ltr'><strong><em>εὐπρε-</em></strong></span> 
     </span>
     <span class='ocr_line' id='line_1_17' title="bbox 427 2242 2773 2334; baseline -0.001 -25"><span class='ocrx_word' id='word_1_150' title='bbox 427 2242 744 2334; x_wconf 78' lang='grc' dir='ltr'><strong><em>πέστερον</em></strong></span> <span class='ocrx_word' id='word_1_151' title='bbox 802 2245 890 2311; x_wconf 91' lang='lat' dir='ltr'>sit</span> <span class='ocrx_word' id='word_1_152' title='bbox 943 2244 1053 2312; x_wconf 82' lang='grc' dir='ltr'>καὶ</span> <span class='ocrx_word' id='word_1_153' title='bbox 1109 2250 1508 2333; x_wconf 74' lang='grc' dir='ltr'><strong><em>σεμνότερον</em></strong></span> <span class='ocrx_word' id='word_1_154' title='bbox 1563 2246 1791 2313; x_wconf 79' lang='grc' dir='ltr'><strong><em>εἰπεῖν.</em></strong></span> <span class='ocrx_word' id='word_1_155' title='bbox 1893 2244 2057 2311; x_wconf 79' lang='lat' dir='ltr'>Cum</span> <span class='ocrx_word' id='word_1_156' title='bbox 2110 2249 2328 2310; x_wconf 90' lang='lat' dir='ltr'>autem</span> <span class='ocrx_word' id='word_1_157' title='bbox 2378 2244 2505 2309; x_wconf 94' lang='lat' dir='ltr'>hoc</span> <span class='ocrx_word' id='word_1_158' title='bbox 2558 2243 2773 2328; x_wconf 88' lang='lat' dir='ltr'>ipsum</span> 
     </span>
     <span class='ocr_line' id='line_1_18' title="bbox 427 2349 2770 2438; baseline -0.003 -17"><span class='ocrx_word' id='word_1_159' title='bbox 427 2349 754 2421; x_wconf 87' lang='lat' dir='ltr'>Aristonis</span> <span class='ocrx_word' id='word_1_160' title='bbox 827 2351 943 2438; x_wconf 87' lang='lat' dir='ltr'>sit,</span> <span class='ocrx_word' id='word_1_161' title='bbox 1017 2358 1311 2438; x_wconf 88' lang='lat' dir='ltr'>apparet,</span> <span class='ocrx_word' id='word_1_162' title='bbox 1383 2352 1927 2438; x_wconf 74' lang='lat' dir='ltr'>vituperationem</span> <span class='ocrx_word' id='word_1_163' title='bbox 1998 2351 2181 2421; x_wconf 87' lang='lat' dir='ltr'>illam</span> <span class='ocrx_word' id='word_1_164' title='bbox 2250 2350 2770 2416; x_wconf 82' lang='lat' dir='ltr'>narratiunculae</span> 
     </span>
     <span class='ocr_line' id='line_1_19' title="bbox 429 2456 2771 2546; baseline 0 -24"><span class='ocrx_word' id='word_1_165' title='bbox 429 2456 706 2543; x_wconf 83' lang='lat' dir='ltr'>Cynicae</span> <span class='ocrx_word' id='word_1_166' title='bbox 745 2459 1030 2526; x_wconf 88' lang='lat' dir='ltr'>eiusdem</span> <span class='ocrx_word' id='word_1_167' title='bbox 1069 2482 1225 2546; x_wconf 90' lang='lat' dir='ltr'>esse,</span> <span class='ocrx_word' id='word_1_168' title='bbox 1269 2460 1337 2525; x_wconf 92' lang='lat' dir='ltr'>id</span> <span class='ocrx_word' id='word_1_169' title='bbox 1385 2460 1558 2545; x_wconf 89' lang='lat' dir='ltr'>quod</span> <span class='ocrx_word' id='word_1_170' title='bbox 1602 2482 1671 2528; x_wconf 87' lang='lat' dir='ltr'>re</span> <span class='ocrx_word' id='word_1_171' title='bbox 1708 2482 1861 2526; x_wconf 86' lang='lat' dir='ltr'>vera</span> <span class='ocrx_word' id='word_1_172' title='bbox 1898 2458 2139 2544; x_wconf 90' lang='lat' dir='ltr'>optime</span> <span class='ocrx_word' id='word_1_173' title='bbox 2188 2458 2259 2523; x_wconf 87' lang='lat' dir='ltr'>in</span> <span class='ocrx_word' id='word_1_174' title='bbox 2295 2481 2442 2523; x_wconf 89' lang='lat' dir='ltr'>eum</span> <span class='ocrx_word' id='word_1_175' title='bbox 2480 2458 2771 2542; x_wconf 87' lang='lat' dir='ltr'>quadrat.</span> 
     </span>
     <span class='ocr_line' id='line_1_20' title="bbox 426 2563 2773 2651; baseline 0 -22"><span class='ocrx_word' id='word_1_176' title='bbox 426 2563 520 2629; x_wconf 90' lang='lat' dir='ltr'>Ut</span> <span class='ocrx_word' id='word_1_177' title='bbox 557 2565 730 2631; x_wconf 89' lang='lat' dir='ltr'>enim</span> <span class='ocrx_word' id='word_1_178' title='bbox 765 2566 834 2631; x_wconf 92' lang='lat' dir='ltr'>in</span> <span class='ocrx_word' id='word_1_179' title='bbox 861 2567 1233 2651; x_wconf 84' lang='lat' dir='ltr'>universum</span> <span class='ocrx_word' id='word_1_180' title='bbox 1262 2567 1614 2632; x_wconf 86' lang='lat' dir='ltr'>sententias</span> <span class='ocrx_word' id='word_1_181' title='bbox 1644 2566 1871 2631; x_wconf 89' lang='lat' dir='ltr'>Bionis</span> <span class='ocrx_word' id='word_1_182' title='bbox 1900 2565 2114 2631; x_wconf 89' lang='lat' dir='ltr'>minus</span> <span class='ocrx_word' id='word_1_183' title='bbox 2144 2564 2429 2650; x_wconf 84' lang='lat' dir='ltr'>magisve</span> <span class='ocrx_word' id='word_1_184' title='bbox 2467 2567 2773 2629; x_wconf 85' lang='lat' dir='ltr'>retracta-</span> 
     </span>
     <span class='ocr_line' id='line_1_21' title="bbox 426 2668 2770 2761; baseline -0 -24"><span class='ocrx_word' id='word_1_185' title='bbox 426 2671 524 2737; x_wconf 82' lang='lat' dir='ltr'>vit</span> <span class='ocrx_word' id='word_1_186' title='bbox 572 2668 842 2758; x_wconf 85' lang='lat' dir='ltr'>(Heinze</span> <span class='ocrx_word' id='word_1_187' title='bbox 888 2697 946 2758; x_wconf 91' lang='lat' dir='ltr'>p.</span> <span class='ocrx_word' id='word_1_188' title='bbox 979 2669 1156 2761; x_wconf 84' lang='lat'>508),</span> <span class='ocrx_word' id='word_1_189' title='bbox 1202 2673 1296 2738; x_wconf 88' lang='lat' dir='ltr'>ita</span> <span class='ocrx_word' id='word_1_190' title='bbox 1331 2672 1400 2739; x_wconf 92' lang='lat' dir='ltr'>in</span> <span class='ocrx_word' id='word_1_191' title='bbox 1437 2674 1709 2759; x_wconf 85' lang='lat' dir='ltr'>singulis</span> <span class='ocrx_word' id='word_1_192' title='bbox 1755 2672 2035 2739; x_wconf 88' lang='lat' dir='ltr'>colorem</span> <span class='ocrx_word' id='word_1_193' title='bbox 2081 2671 2396 2757; x_wconf 82' lang='lat' dir='ltr'>Cynicum</span> <span class='ocrx_word' id='word_1_194' title='bbox 2440 2672 2770 2757; x_wconf 88' lang='lat' dir='ltr'>detergere</span> 
     </span>
     <span class='ocr_line' id='line_1_22' title="bbox 429 2777 2768 2864; baseline 0.002 -24"><span class='ocrx_word' id='word_1_195' title='bbox 429 2777 706 2862; x_wconf 84' lang='lat' dir='ltr'>studuit,</span> <span class='ocrx_word' id='word_1_196' title='bbox 765 2778 832 2844; x_wconf 92' lang='lat' dir='ltr'>id</span> <span class='ocrx_word' id='word_1_197' title='bbox 887 2780 1059 2864; x_wconf 91' lang='lat' dir='ltr'>quod</span> <span class='ocrx_word' id='word_1_198' title='bbox 1119 2780 1292 2845; x_wconf 88' lang='lat' dir='ltr'>iusto</span> <span class='ocrx_word' id='word_1_199' title='bbox 1347 2780 1562 2847; x_wconf 90' lang='lat' dir='ltr'>minus</span> <span class='ocrx_word' id='word_1_200' title='bbox 1616 2780 1931 2864; x_wconf 85' lang='lat' dir='ltr'>pressisse</span> <span class='ocrx_word' id='word_1_201' title='bbox 1984 2779 2147 2846; x_wconf 89' lang='lat' dir='ltr'>mihi</span> <span class='ocrx_word' id='word_1_202' title='bbox 2200 2778 2443 2844; x_wconf 87' lang='lat' dir='ltr'>Heinze</span> <span class='ocrx_word' id='word_1_203' title='bbox 2497 2778 2768 2845; x_wconf 84' lang='lat' dir='ltr'>videtur.</span> 
     </span>
     <span class='ocr_line' id='line_1_23' title="bbox 429 2882 2769 2973; baseline 0.002 -26"><span class='ocrx_word' id='word_1_204' title='bbox 429 2882 966 2949; x_wconf 88' lang='lat' dir='ltr'>Narratiunculae</span> <span class='ocrx_word' id='word_1_205' title='bbox 1021 2886 1198 2951; x_wconf 91' lang='lat' dir='ltr'>illius</span> <span class='ocrx_word' id='word_1_206' title='bbox 1241 2924 1316 2933; x_wconf 94' lang='lat'><strong>—</strong></span> <span class='ocrx_word' id='word_1_207' title='bbox 1360 2892 1434 2951; x_wconf 89' lang='lat' dir='ltr'>ut</span> <span class='ocrx_word' id='word_1_208' title='bbox 1489 2888 1852 2972; x_wconf 83' lang='lat' dir='ltr'>exemplum</span> <span class='ocrx_word' id='word_1_209' title='bbox 1908 2887 2193 2952; x_wconf 85' lang='lat' dir='ltr'>adferam</span> <span class='ocrx_word' id='word_1_210' title='bbox 2228 2924 2316 2934; x_wconf 93' lang='lat'>—</span> <span class='ocrx_word' id='word_1_211' title='bbox 2352 2887 2430 2951; x_wconf 92' lang='lat' dir='ltr'>de</span> <span class='ocrx_word' id='word_1_212' title='bbox 2473 2886 2769 2973; x_wconf 79' lang='lat' dir='ltr'>Athenis,</span> 
     </span>
     <span class='ocr_line' id='line_1_24' title="bbox 429 2990 2771 3079; baseline 0.001 -24"><span class='ocrx_word' id='word_1_213' title='bbox 429 3008 594 3075; x_wconf 88' lang='lat' dir='ltr'>quae</span> <span class='ocrx_word' id='word_1_214' title='bbox 641 2990 839 3056; x_wconf 91' lang='lat' dir='ltr'>simul</span> <span class='ocrx_word' id='word_1_215' title='bbox 892 2993 1048 3057; x_wconf 90' lang='lat' dir='ltr'>urbs</span> <span class='ocrx_word' id='word_1_216' title='bbox 1098 2994 1488 3078; x_wconf 81' lang='grc' dir='ltr'><strong><em>πολυτελής,</em></strong></span> <span class='ocrx_word' id='word_1_217' title='bbox 1545 2993 1743 3058; x_wconf 91' lang='lat' dir='ltr'>simul</span> <span class='ocrx_word' id='word_1_218' title='bbox 1788 2992 2055 3077; x_wconf 80' lang='grc' dir='ltr'><strong><em>εὐτελής</em></strong></span> <span class='ocrx_word' id='word_1_219' title='bbox 2100 2993 2213 3079; x_wconf 88' lang='lat' dir='ltr'>sit,</span> <span class='ocrx_word' id='word_1_220' title='bbox 2268 2992 2426 3078; x_wconf 90' lang='lat' dir='ltr'>quin</span> <span class='ocrx_word' id='word_1_221' title='bbox 2470 2992 2771 3059; x_wconf 85' lang='lat' dir='ltr'>universa</span> 
     </span>
     <span class='ocr_line' id='line_1_25' title="bbox 427 3096 2770 3186; baseline 0.001 -23"><span class='ocrx_word' id='word_1_222' title='bbox 427 3097 678 3163; x_wconf 87' lang='lat' dir='ltr'>indoles</span> <span class='ocrx_word' id='word_1_223' title='bbox 735 3121 809 3162; x_wconf 90' lang='lat' dir='ltr'>ac</span> <span class='ocrx_word' id='word_1_224' title='bbox 865 3099 1032 3166; x_wconf 90' lang='lat' dir='ltr'>ratio</span> <span class='ocrx_word' id='word_1_225' title='bbox 1081 3096 1323 3185; x_wconf 80' lang='lat' dir='ltr'>Cynica</span> <span class='ocrx_word' id='word_1_226' title='bbox 1367 3100 1479 3184; x_wconf 87' lang='lat' dir='ltr'>sit,</span> <span class='ocrx_word' id='word_1_227' title='bbox 1535 3100 1820 3165; x_wconf 89' lang='lat' dir='ltr'>dubitari</span> <span class='ocrx_word' id='word_1_228' title='bbox 1872 3123 2005 3165; x_wconf 91' lang='lat' dir='ltr'>non</span> <span class='ocrx_word' id='word_1_229' title='bbox 2058 3104 2300 3185; x_wconf 89' lang='lat' dir='ltr'>potest:</span> <span class='ocrx_word' id='word_1_230' title='bbox 2360 3100 2543 3186; x_wconf 87' lang='lat' dir='ltr'>atqui</span> <span class='ocrx_word' id='word_1_231' title='bbox 2600 3101 2770 3185; x_wconf 88' lang='lat' dir='ltr'>apud</span> 
     </span>
     <span class='ocr_line' id='line_1_26' title="bbox 424 3202 2767 3296; baseline 0.001 -27"><span class='ocrx_word' id='word_1_232' title='bbox 424 3205 712 3271; x_wconf 84' lang='lat' dir='ltr'>Teletem</span> <span class='ocrx_word' id='word_1_233' title='bbox 760 3204 847 3295; x_wconf 89' lang='lat' dir='ltr'>(p.</span> <span class='ocrx_word' id='word_1_234' title='bbox 890 3207 947 3293; x_wconf 92' lang='grc'>8,</span> <span class='ocrx_word' id='word_1_235' title='bbox 981 3202 1094 3293; x_wconf 82' lang='grc'><strong>12)</strong></span> <span class='ocrx_word' id='word_1_236' title='bbox 1149 3210 1214 3271; x_wconf 92' lang='lat' dir='ltr'>et</span> <span class='ocrx_word' id='word_1_237' title='bbox 1272 3206 1552 3291; x_wconf 88' lang='lat' dir='ltr'>genuina</span> <span class='ocrx_word' id='word_1_238' title='bbox 1606 3207 1815 3273; x_wconf 85' lang='lat' dir='ltr'>forma</span> <span class='ocrx_word' id='word_1_239' title='bbox 1860 3212 1927 3272; x_wconf 88' lang='lat' dir='ltr'>et</span> <span class='ocrx_word' id='word_1_240' title='bbox 1986 3230 2132 3273; x_wconf 87' lang='lat' dir='ltr'>vere</span> <span class='ocrx_word' id='word_1_241' title='bbox 2180 3206 2422 3296; x_wconf 79' lang='lat' dir='ltr'>Cynica</span> <span class='ocrx_word' id='word_1_242' title='bbox 2474 3230 2767 3295; x_wconf 85' lang='lat' dir='ltr'>persona,</span> 
     </span>
     <span class='ocr_line' id='line_1_27' title="bbox 424 3312 2770 3403; baseline 0.001 -26"><span class='ocrx_word' id='word_1_243' title='bbox 424 3312 808 3399; x_wconf 83' lang='lat' dir='ltr'>Diogenes</span> <span class='ocrx_word' id='word_1_244' title='bbox 878 3312 1150 3399; x_wconf 86' lang='lat' dir='ltr'>scilicet,</span> <span class='ocrx_word' id='word_1_245' title='bbox 1225 3319 1514 3379; x_wconf 63' lang='lat' dir='ltr'>servatae</span> <span class='ocrx_word' id='word_1_246' title='bbox 1579 3319 1763 3403; x_wconf 80' lang='lat' dir='ltr'>sunt3</span> <span class='ocrx_word' id='word_1_247' title='bbox 1834 3315 1904 3383; x_wconf 93' lang='lat' dir='ltr'>in</span> <span class='ocrx_word' id='word_1_248' title='bbox 1971 3315 2139 3383; x_wconf 92' lang='lat' dir='ltr'>Plut.</span> <span class='ocrx_word' id='word_1_249' title='bbox 2186 3337 2251 3381; x_wconf 83' lang='grc' dir='ltr'>π.</span> <span class='ocrx_word' id='word_1_250' title='bbox 2299 3315 2536 3399; x_wconf 78' lang='grc' dir='ltr'><strong><em>εὐθυμ.</em></strong></span> <span class='ocrx_word' id='word_1_251' title='bbox 2584 3337 2631 3380; x_wconf 89' lang='lat' dir='ltr'>c.</span> <span class='ocrx_word' id='word_1_252' title='bbox 2687 3317 2770 3380; x_wconf 90' lang='lat'>10</span> 
     </span>
     <span class='ocr_line' id='line_1_28' title="bbox 430 3418 2771 3508; baseline 0 -23"><span class='ocrx_word' id='word_1_253' title='bbox 430 3418 731 3485; x_wconf 81' lang='lat' dir='ltr'>Socrati</span> <span class='ocrx_word' id='word_1_254' title='bbox 785 3420 1164 3487; x_wconf 87' lang='lat' dir='ltr'>tribuuntur</span> <span class='ocrx_word' id='word_1_255' title='bbox 1219 3421 1464 3508; x_wconf 88' lang='lat' dir='ltr'>eadem,</span> <span class='ocrx_word' id='word_1_256' title='bbox 1526 3444 1689 3506; x_wconf 89' lang='lat' dir='ltr'>quae</span> <span class='ocrx_word' id='word_1_257' title='bbox 1742 3426 2077 3507; x_wconf 88' lang='lat' dir='ltr'>praeterea</span> <span class='ocrx_word' id='word_1_258' title='bbox 2122 3422 2281 3487; x_wconf 87' lang='lat' dir='ltr'>satis</span> <span class='ocrx_word' id='word_1_259' title='bbox 2328 3421 2631 3507; x_wconf 80' lang='lat' dir='ltr'>languide</span> <span class='ocrx_word' id='word_1_260' title='bbox 2677 3444 2771 3486; x_wconf 90' lang='lat' dir='ltr'>re-</span> 
     </span>
     <span class='ocr_line' id='line_1_29' title="bbox 427 3526 2771 3616; baseline 0.001 -26"><span class='ocrx_word' id='word_1_261' title='bbox 427 3526 816 3616; x_wconf 72' lang='lat' dir='ltr'>fenmtur2),</span> <span class='ocrx_word' id='word_1_262' title='bbox 867 3528 936 3593; x_wconf 91' lang='lat' dir='ltr'>id</span> <span class='ocrx_word' id='word_1_263' title='bbox 990 3529 1161 3613; x_wconf 91' lang='lat' dir='ltr'>quod</span> <span class='ocrx_word' id='word_1_264' title='bbox 1216 3552 1256 3593; x_wconf 92' lang='lat' dir='ltr'>a</span> <span class='ocrx_word' id='word_1_265' title='bbox 1297 3528 1649 3594; x_wconf 88' lang='lat' dir='ltr'>Plutarcho</span> <span class='ocrx_word' id='word_1_266' title='bbox 1707 3530 1965 3595; x_wconf 87' lang='lat' dir='ltr'>demum</span> <span class='ocrx_word' id='word_1_267' title='bbox 2016 3529 2263 3594; x_wconf 87' lang='lat' dir='ltr'>factum</span> <span class='ocrx_word' id='word_1_268' title='bbox 2308 3552 2447 3594; x_wconf 90' lang='lat' dir='ltr'>esse</span> <span class='ocrx_word' id='word_1_269' title='bbox 2492 3551 2627 3594; x_wconf 93' lang='lat' dir='ltr'>non</span> <span class='ocrx_word' id='word_1_270' title='bbox 2671 3533 2771 3595; x_wconf 89' lang='lat' dir='ltr'>est</span> 
     </span>
     <span class='ocr_line' id='line_1_30' title="bbox 428 3634 2768 3722; baseline 0.001 -25"><span class='ocrx_word' id='word_1_271' title='bbox 428 3634 776 3698; x_wconf 88' lang='lat' dir='ltr'>verisimile</span> <span class='ocrx_word' id='word_1_272' title='bbox 819 3672 894 3683; x_wconf 90' lang='lat'>—</span> <span class='ocrx_word' id='word_1_273' title='bbox 935 3635 1043 3700; x_wconf 91' lang='lat' dir='ltr'>hic</span> <span class='ocrx_word' id='word_1_274' title='bbox 1107 3635 1278 3700; x_wconf 92' lang='lat' dir='ltr'>enim</span> <span class='ocrx_word' id='word_1_275' title='bbox 1340 3636 1509 3701; x_wconf 86' lang='lat' dir='ltr'>nihil</span> <span class='ocrx_word' id='word_1_276' title='bbox 1568 3636 1881 3721; x_wconf 88' lang='lat' dir='ltr'>habebat,</span> <span class='ocrx_word' id='word_1_277' title='bbox 1948 3638 2121 3721; x_wconf 90' lang='lat' dir='ltr'>quod</span> <span class='ocrx_word' id='word_1_278' title='bbox 2178 3658 2415 3702; x_wconf 90' lang='lat' dir='ltr'>nomen</span> <span class='ocrx_word' id='word_1_279' title='bbox 2468 3641 2768 3722; x_wconf 89' lang='lat' dir='ltr'>mutaret,</span> 
     </span>
     <span class='ocr_line' id='line_1_31' title="bbox 429 3741 2769 3830; baseline 0.001 -25"><span class='ocrx_word' id='word_1_280' title='bbox 429 3741 667 3826; x_wconf 89' lang='lat' dir='ltr'>quippe</span> <span class='ocrx_word' id='word_1_281' title='bbox 715 3741 828 3827; x_wconf 88' lang='lat' dir='ltr'>qui</span> <span class='ocrx_word' id='word_1_282' title='bbox 873 3742 1070 3807; x_wconf 90' lang='lat' dir='ltr'>etiam</span> <span class='ocrx_word' id='word_1_283' title='bbox 1115 3742 1259 3807; x_wconf 88' lang='lat' dir='ltr'>aliis</span> <span class='ocrx_word' id='word_1_284' title='bbox 1305 3743 1465 3808; x_wconf 91' lang='lat' dir='ltr'>locis</span> <span class='ocrx_word' id='word_1_285' title='bbox 1505 3742 1782 3829; x_wconf 83' lang='lat' dir='ltr'>Cynicos</span> <span class='ocrx_word' id='word_1_286' title='bbox 1829 3744 2161 3830; x_wconf 87' lang='lat' dir='ltr'>reciperet,</span> <span class='ocrx_word' id='word_1_287' title='bbox 2205 3744 2386 3811; x_wconf 85' lang='lat' dir='ltr'>velut</span> <span class='ocrx_word' id='word_1_288' title='bbox 2430 3744 2499 3808; x_wconf 90' lang='lat' dir='ltr'>in</span> <span class='ocrx_word' id='word_1_289' title='bbox 2545 3741 2769 3808; x_wconf 89' lang='lat' dir='ltr'>libello</span> 
     </span>
     <span class='ocr_line' id='line_1_32' title="bbox 425 3848 2769 3936; baseline -0.001 -21"><span class='ocrx_word' id='word_1_290' title='bbox 425 3871 491 3915; x_wconf 87' lang='grc' dir='ltr'>π.</span> <span class='ocrx_word' id='word_1_291' title='bbox 540 3858 760 3935; x_wconf 81' lang='grc' dir='ltr'><strong><em>φυγῆς</em></strong></span> <span class='ocrx_word' id='word_1_292' title='bbox 812 3873 917 3913; x_wconf 90' lang='lat'>—:</span> <span class='ocrx_word' id='word_1_293' title='bbox 983 3854 1208 3915; x_wconf 89' lang='lat' dir='ltr'>contra</span> <span class='ocrx_word' id='word_1_294' title='bbox 1264 3848 1593 3916; x_wconf 87' lang='lat' dir='ltr'>Aristonis</span> <span class='ocrx_word' id='word_1_295' title='bbox 1652 3850 1988 3936; x_wconf 85' lang='lat' dir='ltr'>intererat,</span> <span class='ocrx_word' id='word_1_296' title='bbox 2052 3852 2225 3917; x_wconf 87' lang='lat' dir='ltr'>haud</span> <span class='ocrx_word' id='word_1_297' title='bbox 2288 3851 2481 3917; x_wconf 89' lang='lat' dir='ltr'>nimis</span> <span class='ocrx_word' id='word_1_298' title='bbox 2547 3854 2769 3935; x_wconf 89' lang='lat' dir='ltr'>aperte</span> 
     </span>
    </p>
   </div>
   <div class='ocr_carea' id='block_1_2' title="bbox 423 3985 854 3993">
    <p class='ocr_par' dir='ltr' id='par_1_2' title="bbox 423 3985 854 3993">
     <span class='ocr_line' id='line_1_33' title="bbox 423 3985 854 3993; baseline 0 1174"><span class='ocrx_word' id='word_1_299' title='bbox 423 3985 854 3993; x_wconf 95' lang='lat' dir='ltr'> </span> 
     </span>
    </p>
   </div>
   <div class='ocr_carea' id='block_1_3' title="bbox 422 4060 2769 4582">
    <p class='ocr_par' dir='ltr' id='par_1_3' title="bbox 422 4060 2769 4219">
     <span class='ocr_line' id='line_1_34' title="bbox 569 4060 2769 4133; baseline 0 -18"><span class='ocrx_word' id='word_1_300' title='bbox 569 4062 624 4131; x_wconf 91' lang='lat'>1)</span> <span class='ocrx_word' id='word_1_301' title='bbox 677 4060 990 4132; x_wconf 84' lang='lat' dir='ltr'>Aegyptios</span> <span class='ocrx_word' id='word_1_302' title='bbox 1042 4060 1266 4131; x_wconf 81' lang='lat' dir='ltr'>saepius</span> <span class='ocrx_word' id='word_1_303' title='bbox 1325 4062 1746 4117; x_wconf 89' lang='lat' dir='ltr'>commemorari</span> <span class='ocrx_word' id='word_1_304' title='bbox 1801 4062 1952 4133; x_wconf 87' lang='lat' dir='ltr'>apud</span> <span class='ocrx_word' id='word_1_305' title='bbox 2006 4061 2240 4117; x_wconf 89' lang='lat' dir='ltr'>Bionem</span> <span class='ocrx_word' id='word_1_306' title='bbox 2289 4064 2439 4119; x_wconf 88' lang='lat' dir='ltr'>recte</span> <span class='ocrx_word' id='word_1_307' title='bbox 2496 4062 2769 4115; x_wconf 86' lang='lat' dir='ltr'>adnotare</span> 
     </span>
     <span class='ocr_line' id='line_1_35' title="bbox 422 4129 2039 4219; baseline 0.001 -13"><span class='ocrx_word' id='word_1_308' title='bbox 422 4149 647 4206; x_wconf 84' lang='lat' dir='ltr'>videtur</span> <span class='ocrx_word' id='word_1_309' title='bbox 682 4149 869 4204; x_wconf 86' lang='lat' dir='ltr'>Hense</span> <span class='ocrx_word' id='word_1_310' title='bbox 906 4149 943 4207; x_wconf 89' lang='lat'>1.</span> <span class='ocrx_word' id='word_1_311' title='bbox 974 4167 1019 4205; x_wconf 91' lang='lat' dir='ltr'>c.</span> <span class='ocrx_word' id='word_1_312' title='bbox 1049 4169 1102 4219; x_wconf 88' lang='lat' dir='ltr'>p.</span> <span class='ocrx_word' id='word_1_313' title='bbox 1134 4155 1253 4206; x_wconf 80' lang='lat'>549.</span> <span class='ocrx_word' id='word_1_314' title='bbox 2028 4129 2039 4153; x_wconf 52' lang='lat' dir='ltr'><em>s</em></span> 
     </span>
    </p>

    <p class='ocr_par' dir='ltr' id='par_1_4' title="bbox 425 4238 2767 4582">
     <span class='ocr_line' id='line_1_36' title="bbox 566 4238 2767 4312; baseline 0 -19"><span class='ocrx_word' id='word_1_315' title='bbox 566 4242 622 4309; x_wconf 82' lang='lat'>2)</span> <span class='ocrx_word' id='word_1_316' title='bbox 678 4238 966 4304; x_wconf 84' lang='lat' dir='ltr'>Quomodo</span> <span class='ocrx_word' id='word_1_317' title='bbox 1021 4239 1232 4293; x_wconf 83' lang='lat' dir='ltr'>Heinze</span> <span class='ocrx_word' id='word_1_318' title='bbox 1286 4258 1341 4310; x_wconf 89' lang='lat' dir='ltr'>p.</span> <span class='ocrx_word' id='word_1_319' title='bbox 1388 4245 1492 4295; x_wconf 86' lang='lat'>509</span> <span class='ocrx_word' id='word_1_320' title='bbox 1549 4242 1702 4312; x_wconf 89' lang='lat' dir='ltr'>apud</span> <span class='ocrx_word' id='word_1_321' title='bbox 1755 4240 2119 4295; x_wconf 81' lang='lat' dir='ltr'>Plutarchum</span> <span class='ocrx_word' id='word_1_322' title='bbox 2172 4240 2475 4311; x_wconf 86' lang='lat' dir='ltr'>genuinam</span> <span class='ocrx_word' id='word_1_323' title='bbox 2529 4240 2767 4294; x_wconf 88' lang='lat' dir='ltr'>formam</span> 
     </span>
     <span class='ocr_line' id='line_1_37' title="bbox 427 4328 2765 4401; baseline 0.001 -19"><span class='ocrx_word' id='word_1_324' title='bbox 427 4343 756 4397; x_wconf 87' lang='lat' dir='ltr'>cognoscere</span> <span class='ocrx_word' id='word_1_325' title='bbox 809 4328 1058 4399; x_wconf 88' lang='lat' dir='ltr'>potuerit</span> <span class='ocrx_word' id='word_1_326' title='bbox 1120 4329 1274 4383; x_wconf 88' lang='lat' dir='ltr'>haud</span> <span class='ocrx_word' id='word_1_327' title='bbox 1338 4329 1626 4400; x_wconf 83' lang='lat' dir='ltr'>intelligo:</span> <span class='ocrx_word' id='word_1_328' title='bbox 1690 4330 1890 4401; x_wconf 88' lang='lat' dir='ltr'>immo,</span> <span class='ocrx_word' id='word_1_329' title='bbox 1954 4329 2099 4383; x_wconf 89' lang='lat' dir='ltr'>illud</span> <span class='ocrx_word' id='word_1_330' title='bbox 2152 4346 2282 4385; x_wconf 84' lang='lat' dir='ltr'>vere</span> <span class='ocrx_word' id='word_1_331' title='bbox 2336 4328 2637 4398; x_wconf 88' lang='lat' dir='ltr'>Bioneum,</span> <span class='ocrx_word' id='word_1_332' title='bbox 2702 4330 2765 4384; x_wconf 84' lang='grc' dir='ltr'>τὸ</span> 
     </span>
     <span class='ocr_line' id='line_1_38' title="bbox 425 4418 2765 4489; baseline 0 -18"><span class='ocrx_word' id='word_1_333' title='bbox 425 4418 747 4488; x_wconf 78' lang='grc' dir='ltr'><strong><em>θεατρικόν,</em></strong></span> <span class='ocrx_word' id='word_1_334' title='bbox 785 4418 938 4487; x_wconf 89' lang='lat' dir='ltr'>quod</span> <span class='ocrx_word' id='word_1_335' title='bbox 972 4421 1247 4487; x_wconf 88' lang='lat' dir='ltr'>tanquam</span> <span class='ocrx_word' id='word_1_336' title='bbox 1283 4418 1344 4472; x_wconf 90' lang='lat' dir='ltr'>in</span> <span class='ocrx_word' id='word_1_337' title='bbox 1381 4436 1584 4473; x_wconf 84' lang='lat' dir='ltr'>scaena</span> <span class='ocrx_word' id='word_1_338' title='bbox 1621 4418 1813 4473; x_wconf 86' lang='lat' dir='ltr'>omnia</span> <span class='ocrx_word' id='word_1_339' title='bbox 1848 4418 1971 4473; x_wconf 89' lang='lat' dir='ltr'>fieri</span> <span class='ocrx_word' id='word_1_340' title='bbox 2004 4418 2276 4489; x_wconf 79' lang='lat' dir='ltr'>videmuS‚</span> <span class='ocrx_word' id='word_1_341' title='bbox 2312 4419 2482 4489; x_wconf 89' lang='lat' dir='ltr'>plane</span> <span class='ocrx_word' id='word_1_342' title='bbox 2520 4418 2765 4489; x_wconf 86' lang='lat' dir='ltr'>evanuit,</span> 
     </span>
     <span class='ocr_line' id='line_1_39' title="bbox 425 4502 2508 4582; baseline 0.002 -22"><span class='ocrx_word' id='word_1_343' title='bbox 425 4522 606 4577; x_wconf 90' lang='lat' dir='ltr'>neque</span> <span class='ocrx_word' id='word_1_344' title='bbox 642 4506 824 4562; x_wconf 85' lang='lat' dir='ltr'>minus</span> <span class='ocrx_word' id='word_1_345' title='bbox 861 4507 1036 4563; x_wconf 85' lang='lat' dir='ltr'>verba</span> <span class='ocrx_word' id='word_1_346' title='bbox 1071 4507 1242 4578; x_wconf 88' lang='lat' dir='ltr'>paulo</span> <span class='ocrx_word' id='word_1_347' title='bbox 1280 4507 1514 4563; x_wconf 87' lang='lat' dir='ltr'>fortiora</span> <span class='ocrx_word' id='word_1_348' title='bbox 1550 4502 1735 4582; x_wconf 78' lang='grc' dir='ltr'>(ἐβόα,</span> <span class='ocrx_word' id='word_1_349' title='bbox 1774 4506 1987 4581; x_wconf 80' lang='grc' dir='ltr'><strong><em>ἀνέκρα</em></strong></span> <span class='ocrx_word' id='word_1_350' title='bbox 2024 4509 2143 4578; x_wconf 79' lang='grc' dir='ltr'>γεν)</span> <span class='ocrx_word' id='word_1_351' title='bbox 2180 4508 2508 4564; x_wconf 85' lang='lat' dir='ltr'>eiectasunt.</span> 
     </span>
    </p>
   </div>
   <div class='ocr_carea' id='block_1_4' title="bbox 2306 4604 2338 4656">
    <p class='ocr_par' dir='ltr' id='par_1_5' title="bbox 2306 4604 2338 4656">
     <span class='ocr_line' id='line_1_40' title="bbox 2306 4604 2338 4656; baseline 0 0"><span class='ocrx_word' id='word_1_352' title='bbox 2306 4604 2338 4656; x_wconf 82' lang='grc' dir='ltr'>ὅ</span> 
     </span>
    </p>
   </div>
  </div>
 </body>
</html>
