3309 5167
1368 414 1441 421 ,-
1537 377 1621 439 47
1722 412 1795 419 -.

415 538 764 621 terrestriS,
809 537 876 601 in
924 558 1052 621 qua
1096 536 1290 627 homo
1346 539 1657 619 versatur,
1703 556 1866 619 quae
1912 496 2251 599 familiaris
2298 532 2503 597 amica
2538 532 2597 596 ei
2634 536 2751 617 est,

415 646 484 709 in
530 668 658 730 qua
699 648 1046 730 propterea
1099 664 1348 726 semper
1393 646 1584 726 atque
1632 640 1872 725 ubique
1918 645 2228 724 tanquam
2272 639 2343 703 in
2385 638 2599 723 patria
2634 644 2751 724 est,

417 752 702 819 succedit
729 756 963 816 natura
997 748 1307 834 caelestis,
1345 771 1540 833 quam
1565 748 1763 812 homo
1792 746 2147 812 admiratur
2176 751 2368 832 atque
2396 751 2753 832 veneratur,

417 880 608 944 quam
663 880 796 923 non
849 857 980 922 iam
1027 854 1313 941 corporis
1361 856 1472 919 sed
1518 853 1718 919 animi
1761 853 2043 939 patriam
2088 876 2227 919 esse
2273 855 2487 919 sentit.
2578 854 2751 931 Quae

285 1027 290 1031 ,
416 965 738 1051 quomodo
785 964 1070 1048 perfecta
1115 962 1246 1028 sint
1283 998 1371 1009 --
1406 960 1743 1046 utriusque
1788 960 2060 1025 rationis
2107 960 2353 1046 aliquid
2389 962 2626 1026 habere
2662 962 2752 1027 vi-

416 1074 650 1138 dentur
679 1094 841 1157 quae
859 1069 1218 1135 Democriti
1245 1070 1542 1135 feruntur
1569 1068 1640 1133 in
1662 1067 1839 1133 Stob.
1860 1068 1999 1133 flor.
2018 1069 2124 1153 40,
2144 1071 2179 1134 7
2204 1066 2299 1156 (II
2316 1092 2377 1153 p.
2395 1069 2480 1135 65
2499 1066 2752 1155 Mein.):

417 1177 614 1266 ἀνδρὶ
679 1187 866 1267 σοφῷ
928 1187 1129 1243 πᾶσα
1192 1186 1286 1261 γη
1351 1177 1570 1260 βατή·
1637 1184 1853 1260 ψυχῆς
1916 1176 2040 1261 γὰρ
2094 1174 2357 1259 ἀγαθῆς
2416 1174 2654 1263 πατρὶς
2717 1175 2753 1241 ὁ

419 1285 716 1370 ξύμπας
775 1287 1063 1371 κόσμος
1108 1322 1192 1333 —-—
1239 1283 1400 1349 locis
1459 1282 1847 1367 quibusdam
1910 1281 2055 1347 aliis
2124 1304 2377 1367 quoque
2436 1282 2751 1348 illustrari

415 1398 635 1478 potest
669 1392 848 1457 velut
882 1392 1092 1477 Epict.
1123 1392 1271 1457 diss.
1300 1390 1417 1475 III,
1452 1391 1550 1475 13,
1577 1392 1654 1455 16
1697 1387 1929 1476 (ταῦτά
1966 1412 2067 1465 τις
2104 1388 2547 1474 ἐνθυμεῖσθαι
2585 1393 2754 1475 ἔχων

417 1497 547 1565 καὶ
602 1498 907 1584 βλέπων
959 1500 1097 1565 τὸν
1149 1499 1377 1581 ἥλιον
1429 1493 1557 1561 καὶ
1613 1498 1953 1580 σελήνην
1996 1493 2125 1560 καὶ
2172 1498 2416 1581 ἄστρα
2460 1495 2571 1562 καὶ
2618 1506 2755 1582 γῆς

417 1606 834 1674 ἀπολαύων
887 1604 1016 1671 καὶ
1078 1605 1512 1689 θαλάσσης,
1549 1606 1815 1689 «ἔρημός
1870 1602 2051 1669 ἐστιν
2103 1600 2186 1667 οὐ
2240 1609 2493 1687 μᾶλλον
2546 1604 2588 1688 ἢ
2641 1605 2751 1671 καὶ

417 1714 850 1799 ἀβοήθητος),
897 1712 1024 1779 Cic.
1073 1714 1152 1777 de
1197 1713 1363 1798 legg.
1401 1712 1452 1798 Ι,
1481 1712 1586 1796 23,
1617 1712 1700 1776 61
1748 1708 2055 1798 (idemque
2098 1732 2237 1775 cum
2282 1712 2510 1777 caelwm
2556 1716 2755 1779 terras

415 1824 624 1888 maria
650 1842 973 1905 rerwmque
1007 1822 1284 1887 omnium
1319 1825 1614 1885 naturam
1628 1820 2013 1903 perspexerit
2045 1866 2061 1883 .
2083 1870 2097 1886 .
2132 1838 2371 1902 seseque
2404 1839 2530 1884 non
2564 1821 2757 1885 unius

415 1931 779 1995 circumdati
812 1928 1128 1995 moenibus
1163 1929 1279 1993 loci
1313 1928 1419 1993 sed
1451 1928 1640 1993 civem
1678 1927 1865 1991 totius
1898 1927 2119 1991 mundi
2144 1928 2325 2009 quasi
2359 1928 2549 1992 unius
2584 1926 2756 1992 urbis

417 2038 748 2122 aynoverit,
778 2085 792 2100 .
815 2087 829 2101 .
856 2056 1045 2120 oetam
1069 2057 1133 2101 se
1159 2037 1289 2119 ipse
1313 2030 1560 2121 noscet).
1632 2032 1837 2097 Paulo
1876 2032 2007 2097 iam
2042 2032 2301 2118 longius
2331 2034 2515 2098 abest
2541 2032 2753 2118 Epict.

417 2120 568 2209 diss.
606 2143 724 2228 ΠΙ,
753 2145 858 2229 22,
887 2145 974 2208 22
1023 2140 1272 2230 (Φεῦγε
1315 2177 1392 2189 -
1431 2137 1567 2205 Καὶ
1602 2148 1762 2218 ποῦς
1810 2141 2095 2207 δύναταί
2122 2164 2223 2217 τις
2268 2139 2571 2224 ἐκβαλεῖν
2616 2139 2755 2219 ἔξω

415 2259 555 2316 τοῦ
599 2254 924 2335 κόσμους
971 2249 1052 2315 οὐ
1091 2249 1388 2314 δύναται.
1471 2248 1641 2313 ὅπου
1681 2244 1743 2311 ‹5'
1786 2245 1871 2311 ἄν
1907 2244 2201 2331 ἀπέλθω,
2248 2244 2383 2311 ἐκεῖ
2426 2246 2461 2313 ὁ
2507 2247 2756 2331 ἥλιος,

419 2356 555 2423 ἐκεῖ
593 2357 635 2441 ἡ
684 2357 1004 2440 σελήνη,
1052 2354 1190 2421 ἐκεῖ
1229 2357 1474 2441 ἄστρα
1521 2352 1854 2420 ἐνύπνια
1897 2351 2171 2419 οἰωνοὶ
2204 2352 2247 2437 ἡ
2282 2355 2477 2440 πρὸς
2514 2357 2759 2432 θεοὺς

417 2464 452 2529 ὁ
466 2469 595 2549 μιλ
609 2460 746 2551 ιά);
811 2463 1048 2549 quibus
1114 2484 1506 2548 quamquam
1568 2460 1949 2526 inscribitur
2004 2483 2075 2526 π.
2120 2472 2475 2547 κυνισμοῦ,
2539 2466 2759 2527 tamen

419 2571 697 2637 ἐνύπνια
740 2571 856 2636 illa
891 2576 1083 2657 atque
1130 2574 1366 2637 οἰωνοί
1405 2570 1572 2635 male
1610 2570 1927 2655 quadrare
1964 2570 2126 2634 mihi
2163 2568 2423 2654 quidem
2458 2568 2759 2635 videntur

417 2678 487 2741 in
522 2678 710 2742 illum
745 2690 889 2755 ταῖς
926 2679 1272 2762 ἀληθείαις
1299 2680 1618 2744 Κυνικόν.
1692 2677 1987 2761 Denique
2014 2675 2257 2741 relictis
2287 2676 2559 2741 terrenis
2588 2677 2757 2743 inter

422 2784 722 2849 caelestia
749 2785 957 2851 omnis
977 2790 1272 2850 versatur
1293 2783 1549 2869 Seneca,
1579 2785 1693 2869 qui
1720 2784 1862 2847 loco
1881 2784 2013 2847 iam
2037 2805 2233 2868 supra
2260 2783 2459 2848 allato
2480 2782 2754 2871 (quaest.

419 2894 549 2955 nat.
588 2889 622 2954 Ι
635 2942 652 2976 ,
697 2891 884 2975 proll
928 2889 1041 2978 12)
1093 2913 1324 2977 secure,
1386 2890 1625 2975 inquit,
1688 2895 1915 2973 spectat
1964 2910 2205 2956 occasus
2256 2892 2527 2957 siderum
2582 2900 2760 2977 atque

418 3003 590 3063 ortus
644 3004 703 3063 et
753 3004 882 3063 tam
939 3000 1212 3065 diversas
1267 2998 1765 3064 concordantium
1820 2998 1975 3063 vias.
2021 3046 2036 3062 .
2072 3047 2089 3063 .
2134 2999 2413 3066 curiosus
2462 3006 2760 3083 spectator

417 3108 646 3171 excutit
684 3106 933 3189 simula
977 3111 1036 3171 et
1076 3106 1348 3189 quaerit,·
1403 3105 1620 3188 quidni
1673 3104 1976 3188 quaerat?
2066 3104 2199 3171 Scit
2241 3107 2356 3171 illa
2398 3110 2487 3173 ad
2526 3129 2589 3174 se
2617 3130 2758 3192 per-

280 3209 285 3219 '
419 3214 642 3279 tinere:
689 3218 832 3279 twnc
865 3214 1196 3279 contemnit
1227 3212 1524 3277 domicilii
1547 3213 1791 3295 prioris
1824 3213 2161 3295 anyustias.
2233 3210 2459 3299 Neque
2505 3213 2575 3281 in
2613 3239 2757 3281 con—

418 3320 734 3386 solatione
771 3320 852 3383 ad
879 3319 1181 3384 Helviam
1216 3318 1360 3403 ipsa
1397 3318 1634 3383 similia
1662 3318 1895 3383 desunt
1931 3316 2097 3407 (cap.
2129 3321 2186 3403 8,
2216 3319 2442 3408 4--6),
2480 3344 2766 3407 quorum·

419 3432 732 3512 quantum
787 3426 856 3491 in
910 3425 1272 3491 Varronem
1326 3425 1572 3510 redeat,
1636 3448 1757 3510 pro
1815 3423 1989 3491 certo
2046 3425 2173 3491 dici
2195 3474 2202 3481 ·
2226 3428 2480 3514 nequit3
2540 3453 2759 3515 quam-

422 3556 615 3617 quam
665 3534 733 3598 id
781 3534 1056 3599 fortasse
1112 3532 1423 3598 affirmari
1469 3536 1715 3619 potest,
1770 3555 1803 3597 e
1857 3532 2099 3619 verbis,
2154 3534 2389 3619 quibus
2445 3536 2757 3603 Varronis

421 3639 806 3705 sententiam
850 3640 1060 3705 reddit
1097 3639 1348 3705 Seneca·
1371 3638 1564 3726 (quod
1595 3662 1965 3725 quocumque
1998 3643 2275 3709 venimus
2308 3646 2516 3709 eadem
2550 3666 2759 3711 rerum

419 3751 652 3811 natura
671 3728 1031 3825 *utendam
1075 3753 1204 3831 est,
1252 3747 1675 3813 commutatio
1712 3746 1835 3813 loci
1885 3748 2127 3814 malum
2170 3772 2303 3814 non
2348 3746 2494 3837 est),
2538 3751 2756 3834 potius

419 3852 925 3919 concludendum
975 3875 1138 3940 esse,
1195 3852 1554 3939 Cynicam
1605 3855 1799 3920 huius
1846 3856 2201 3921 sententiae
2256 3856 2533 3921 formam
2587 3858 2757 3942 apud

416 3959 777 4025 Varronem
821 3961 1112 4026 extitisse
1158 3958 1264 4047 (cf.
1313 3962 1523 4046 Epict.
1573 3961 1720 4027 diss,
1768 3961 1897 4047 III,
1948 3964 2047 4048 13,
2089 3964 2171 4027 16
2219 3961 2622 4050 ἀπολαύειν).

591 4067 694 4137 Eo
742 4089 932 4151 quem
989 4090 1185 4151 supra
1241 4068 1879 4134 commemoravimus
1936 4068 2079 4133 loco
2128 4068 2306 4153 (diss.
2340 4068 2551 4154 Epict.
2589 4070 2638 4154 Ι,
2668 4068 2757 4156 9),

417 4196 546 4259 quo
591 4177 866 4259 utraque
904 4178 969 4238 et
1007 4196 1170 4266 quae
1209 4175 1380 4259 apud
1415 4174 1839 4242 Plutarchum
1876 4180 1943 4240 et
1979 4198 2142 4260 quae
2179 4176 2349 4260 apud
2386 4174 2758 4240 Musonium

417 4280 723 4365 leguntur
750 4281 1092 4345 coniuncta
1118 4280 1500 4365 invenimus,
1534 4284 1803 4347 tertium
1832 4282 2077 4367 aliquid
2108 4304 2253 4347 cum
2280 4281 2411 4347 illis
2442 4282 2757 4367 cohaeret,

423 4386 596 4469 quod
639 4387 810 4451 idem
847 4388 1017 4472 apud
1055 4392 1419 4474 utrumque,
1467 4393 1532 4452 et
1569 4388 1940 4453 Musonium
1978 4394 2043 4453 et
2078 4387 2515 4473 Plutarchum,
2563 4394 2759 4475 extat,

420 4496 622 4575 atque
658 4492 754 4557 ita
791 4493 1066 4579 quidem,
1111 4499 1187 4558 ut
1224 4494 1325 4559 bis
1363 4495 1705 4578 praecedat
1740 4493 1855 4558 illa
1890 4493 2227 4579 utriusque
2264 4495 2543 4581 propria,
2592 4496 2648 4561 si
2686 4520 2761 4561 ea
