3309 5167
1423 343 1902 408 '—114-

501 539 566 546 ——
613 501 743 565 tale
799 502 972 565 enim
1027 502 1371 586 quicquam
1413 525 1546 568 non
1592 506 1771 567 extat
1826 502 1896 566 in
1940 501 2343 567 Terentianis
2390 538 2467 549 —
2508 524 2541 565 e
2589 501 2833 568 Graeco

490 607 669 671 fonte
724 607 1134 673 transtulerit
1177 608 1518 673 Horatius:
1571 632 1725 675 nam
1770 609 2203 674 Thrasonides
2260 608 2370 672 ille
2432 607 2625 692 ξίφος
2668 612 2841 675 αἰτεῖ

489 712 600 779 καὶ
645 717 810 800 πρὸς
855 718 974 781 τὸν
1019 713 1130 781 ὑπ’
1184 716 1449 793 εὐνοίας
1493 716 1580 801 μὴ
1629 718 1903 783 διδόντα
1947 718 2343 801 χαλεπαίνει.

668 822 728 887 5.
795 820 1096 887 Ceterum
1141 824 1463 906 quomodo
1509 823 1618 887 hic
1666 822 1941 906 puerilia
1984 823 2101 887 illa
2146 826 2620 907 comparantur,
2666 822 2833 887 simi-

491 927 642 992 liter
683 929 937 1013 saepius
983 930 1056 995 ni
1098 929 1290 994 fallor
1336 928 1406 994 in
1440 928 1809 995 Aristoneis
1847 929 2100 1015 pueruli
2141 930 2563 1014 adducuntur,
2610 935 2685 994 ut
2718 952 2833 993 nos

489 1057 621 1100 non
680 1035 1130 1119 prudentiores
1185 1036 1277 1099 eis
1334 1058 1472 1099 esse
1529 1035 1862 1099 efficiatur.
1954 1034 2283 1101 Aristonis
2348 1036 2553 1120 ipsius
2605 1058 2840 1101 nomen

490 1143 846 1225 praefixum
911 1141 1072 1226 legis
1139 1141 1238 1206 illi
1304 1140 1720 1207 similitudini
1774 1142 1845 1207 in
1902 1140 2041 1207 Sen.
2091 1165 2187 1227 ep.
2232 1146 2375 1226 115,
2418 1144 2458 1209 8
2525 1148 2842 1207 servatae:

491 1248 726 1333 pueriS,
763 1249 994 1333 inquit,
1037 1270 1214 1340 omne
1252 1251 1559 1315 ludicram
1596 1252 1667 1314 in
1697 1252 1893 1333 pretio
1930 1256 2049 1315 est:
2083 1250 2447 1330 parentibus
2482 1253 2703 1333 qnippe
2738 1270 2845 1313 nec

492 1359 703 1423 minas
735 1357 1040 1437 fratribus
1061 1358 1433 1441 praeferant
1455 1378 1652 1439 parvo
1689 1378 1829 1421 aere
1865 1362 2067 1439 empta
2103 1358 2397 1423 monilia:
2435 1359 2616 1441 qaid
2646 1358 2843 1421 inter

491 1484 623 1528 nos
675 1469 741 1527 et
795 1464 968 1529 illos
1021 1466 1355 1549 interest,
1419 1466 1547 1529 nisi
1599 1466 1765 1546 qaod
1814 1485 1927 1530 nos
1981 1466 2147 1529 cirea
2202 1465 2445 1529 tabulas
2500 1469 2555 1528 et
2604 1469 2845 1528 stamas

495 1571 924 1635 insanimus
996 1572 1203 1635 carias
1265 1571 1500 1653 inepti?
1594 1568 1977 1635 Simillimus
2054 1574 2155 1633 est
2228 1570 2407 1635 locus
2471 1569 2844 1634 Plutarchei

495 1696 562 1740 π.
601 1675 930 1759 εὐθυμίας
976 1676 1181 1741 libelli
1219 1675 1297 1764 (c.
1340 1680 1378 1742 8
1416 1700 1474 1761 p.
1509 1674 1673 1765 469)
1724 1678 1942 1762 ὥσπερ
1988 1677 2069 1741 τὰ
2114 1679 2314 1762 μικρὰ
2352 1679 2671 1762 παιδάρια
2717 1673 2845 1743 ἀπὸ

360 1860 366 1863 ,
496 1788 764 1848 πολλῶν
808 1787 1204 1865 παιγνίων
1249 1782 1334 1848 ἂν
1371 1783 1445 1848 ἕν
1481 1808 1581 1861 τις
1626 1783 1957 1868 ἀφέληταί
1996 1808 2060 1848 τι
2106 1782 2216 1848 καὶ
2262 1786 2341 1849 τὰ
2388 1787 2586 1850 λοιπὰ
2632 1786 2845 1850 πάντα
2960 1824 2963 1827 ’

497 1893 956 1976 προσρίψαντα
1000 1893 1214 1955 κλαίει
1250 1888 1359 1955 καὶ
1398 1894 1545 1977 βοᾷ,
1590 1889 1687 1954 ita
1726 1913 1846 1955 nos
1886 1890 1942 1955 si
1979 1891 2244 1955 fortuna
2286 1915 2487 1956 unum
2524 1892 2844 1976 quoddam

496 1997 715 2082 demit,
751 1996 1001 2081 reliqua
1028 2020 1284 2082 quoque
1313 1997 1607 2063 insuavia
1633 1997 1823 2062 nobis
1853 1997 2195 2063 reddimus.
2264 1997 2509 2064 Contra
2536 2003 2840 2083 tanquam

496 2104 860 2189 exemplum
895 2103 1085 2169 nobis
1122 2111 1574 2188 proponuntur
1609 2104 1794 2189 pueri
1834 2105 1915 2168 ab
1944 2104 2220 2169 Horatio
2261 2103 2385 2191 (ep.
2415 2106 2465 2189 I,
2504 2110 2555 2190 1,
2582 2103 2697 2192 59)
2726 2104 2836 2189 qui

1356 2214 1626 2279 badentes
1670 2234 1816 2298 „rex
1860 2214 2013 2277 eri3“
2060 2214 2244 2277 aiant

1100 2318 1210 2402 „Si
1255 2326 1408 2385 recte
1447 2320 1676 2401 facies‘}

497 2425 564 2489 id
638 2425 849 2489 solum
921 2430 1301 2513 spectantes,
1318 2424 1370 2513 ¹)
1465 2425 1838 2490 Aristonem
1903 2448 2158 2510 quoque
2232 2426 2433 2491 fuisse
2499 2431 2659 2510 puto
2733 2424 2847 2509 qui

500 2531 992 2597 similitudinem
1055 2532 1238 2596 illam
1300 2532 1657 2598 liberorum
1720 2533 2013 2617 personis
2070 2532 2590 2617 perterritorum,
2655 2554 2846 2618 quem

497 2638 728 2704 leviter
783 2638 1174 2723 descriptam
1218 2638 1495 2723 legimus
1545 2640 1715 2723 apud
1760 2638 2101 2703 Platonem
2148 2638 2407 2726 (Phaed.
2447 2661 2495 2703 c.
2527 2640 2640 2724 24,
2697 2638 2845 2705 Urit.

500 2768 550 2812 c.
590 2743 688 2834 6),
756 2746 1110 2830 pertexerit
1166 2749 1360 2831 atque
1416 2744 1698 2831 posteris
1762 2746 2188 2830 scriptoribus
2244 2736 2611 2831 tradiderit,
2663 2744 2847 2830 apud

501 2876 664 2938 quos
703 2854 959 2937 saepius
997 2852 1264 2941 legitur:
1311 2854 1489 2919 velut
1526 2854 1602 2917 de
1641 2854 1851 2937 rebuS,
1900 2876 2064 2938 quae
2100 2852 2289 2918 nobis
2330 2852 2640 2937 accidant,
2679 2852 2848 2937 apud

507 2958 814 3025 Senecam
853 2958 975 3054 (ep.
1007 2962 1112 3045 24,
1144 2963 1254 3045 133
1302 2959 1448 3025 dial.
1486 2960 1570 3045 H,
1601 2962 1659 3044 5,
1691 2964 1729 3023 2
1742 2986 1758 3045 3
1806 2960 1880 3025 cf.
1922 2960 2120 3024 etiam
2158 2959 2302 3024 dial.
2342 2958 2485 3043 ΧΠ,
2515 2960 2574 3043 5,
2605 2962 2671 3025 6:
2719 2966 2849 3024 tam

500 3070 730 3133 inania
764 3073 822 3131 et
855 3069 1123 3150 speciosa
1158 3090 1232 3133 ac
1267 3070 1677 3149 deceptorio
1712 3069 1879 3148 fuco
1917 3068 2339 3132 circumlita
2376 3068 2599 3145 inveni,
2644 3068 2850 3131 intra

499 3174 662 3240 nihil
699 3174 986 3239 habentia
1017 3176 1263 3256 fronti
1298 3195 1472 3239 suae
1505 3171 1755 3261 simile),
1786 3179 1851 3238 et
1868 3174 2245 3258 Epictetum
2273 3172 2676 3259 diss.III,22‚
2698 3176 2852 3259 1063

501 3280 822 3365 copiosius
861 3281 1262 3345 illustratum
1297 3282 1380 3366 H,
1415 3284 1469 3366 1,
1504 3278 1632 3367 15),
1683 3303 1829 3346 cum
1867 3304 1905 3345 a
1944 3280 2223 3367 genuina
2259 3280 2469 3345 forma
2503 3279 2853 3345 Aristonea

499 3388 790 3471 proxime
845 3388 1020 3453 absit
1063 3387 1398 3454 Plutarchi
1452 3389 1631 3453 locus
1686 3386 1779 3476 (π.
1828 3397 2046 3473 φυγῆς
2092 3411 2141 3452 c.
2180 3388 2248 3453 5:
2305 3383 2401 3452 ὧν
2447 3385 2507 3452 δ’
2560 3387 2600 3471 ἡ
2647 3389 2853 3470 φύσις

501 3492 702 3559 οὐδὲν
749 3498 880 3579 ἔχει
921 3497 1146 3579 κακόν,
1194 3493 1337 3561 ἀλλ’
1384 3496 1544 3561 ὅλον
1589 3494 1700 3561 καὶ
1736 3504 1871 3561 πᾶν
1907 3497 1981 3560 τὸ
2021 3501 2281 3561 λυποῦν
2318 3494 2389 3559 ἐκ
2423 3502 2619 3578 κενῆς
2656 3493 2851 3576 δόξης

501 3599 1023 3685 ἀναπέπλασται,
1078 3611 1282 3667 ταῦτα
1338 3603 1470 3686 δεῖ,
1524 3602 1828 3688 καθάπερ
1884 3613 2025 3679 τοῖς
2080 3603 2413 3666 δεδοικόσι
2468 3603 2547 3667 τὰ
2593 3618 2851 3687 προσω-

501 3720 653 3772 πεῖα
690 3710 983 3785 παιδίοις
1021 3708 1218 3791 ἐγγὺς
1253 3707 1362 3774 καὶ
1397 3710 1526 3774 ὑπὸ
1565 3720 1754 3795 χεῖρα
1790 3717 2140 3785 ποιοῦντες
2174 3706 2285 3773 καὶ
2323 3707 2853 3794 ἀναστρέφοντες

505 3814 810 3901 ἐθίζομεν
855 3829 1322 3901 καταφρονεῖν,
1370 3816 1462 3880 sic
1509 3816 1889 3881 adhibentes
1938 3815 2257 3879 rationem
2302 3814 2565 3880 illorum
2609 3836 2844 3879 vanum

503 3920 808 4011 aperire),
866 3924 941 3988 de
993 3924 1092 3988 ira
1138 3923 1206 3987 in
1255 3922 1395 3988 Sen.
1445 3924 1589 3988 dial.
1637 3922 1752 4008 IV,
1793 3925 1895 4006 11,
1934 3924 2003 3987 2:
2059 3922 2135 3986 cf.
2187 3920 2381 3987 Clem.
2428 3922 2610 3987 Alex.
2657 3922 2849 3987 Paed.

505 4028 555 4112 I,
595 4030 678 4094 33
716 4052 775 4113 p.
812 4032 935 4095 118
957 4028 1122 4117 P).2)

647 4209 699 4275 1)
727 4206 901 4261 Recte
921 4206 1130 4260 Heinze
1159 4224 1285 4261 cum
1313 4207 1421 4261 hac
1447 4208 1610 4276 parte
1639 4207 1931 4275 comparat
1956 4224 2013 4259 π.
2038 4206 2237 4273 εὐθυμ.
2259 4221 2303 4259 c.
2320 4209 2411 4259 19:
2442 4205 2510 4259 cf.
2531 4204 2568 4260 l.
2594 4222 2639 4261 c.
2658 4208 2842 4275 p.620.

645 4295 700 4361 2)
750 4292 904 4357 Quae
953 4293 1022 4347 de
1067 4294 1316 4363 puerulis
1363 4293 1595 4363 exposui
1642 4293 1865 4363 gaudeo
1904 4291 2055 4359 quod
2099 4291 2268 4361 plane
2315 4292 2676 4347 consentiunt
2721 4310 2848 4347 cum

505 4381 584 4435 eis
624 4397 768 4450 quae
796 4381 982 4435 Hense
1020 4382 1252 4452 exponit
1286 4383 1322 4439 1.
1353 4401 1398 4438 c.
1436 4402 1490 4453 p.
1523 4390 1641 4438 551.
1718 4380 1980 4435 Addendi
2016 4380 2193 4449 igitur
2229 4379 2367 4434 locis
2405 4397 2439 4434 a
2475 4398 2564 4436 me
2599 4381 2849 4449 collectis

505 4472 574 4524 de
603 4470 857 4540 personis
887 4472 962 4524 M.
982 4471 1186 4527 Anton.
1207 4472 1300 4541 XI,
1327 4478 1454 4541 p.3;
1484 4473 1554 4526 de
1581 4472 1831 4543 puerulis
1861 4472 1921 4526 in
1948 4468 2270 4525 universum
2300 4470 2420 4527 Sen.
2450 4470 2581 4525 dial.
2603 4472 2671 4539 II,
2695 4478 2777 4539 12,
2804 4480 2847 4525 1.
