3309 5167
1405 396 1470 401 -—
1579 356 1877 422 103—

643 514 722 579 In
766 514 1016 600 reliqua
1067 539 1198 600 cap.
1247 518 1286 581 9
1334 521 1518 601 parte
1571 520 1920 603 postquam
1967 516 2318 580 secundum
2364 517 2643 582 Brutum
2689 516 2814 583 vir-

467 627 675 687 tutem
714 622 1065 687 remedium
1112 622 1287 687 exilii
1333 646 1472 687 esse
1509 623 1825 709 exposuit,
1873 625 1953 688 ad
1998 629 2533 708 paupertatem
2579 625 2815 691 transit

467 730 536 793 in
580 752 732 813 cap.
777 731 875 816 10,
923 753 1117 814 quam
1145 730 1458 815 neglecto
1505 730 1693 814 plane
1742 729 1934 794 exilio
1980 729 2074 794 ita
2119 734 2358 795 tractat
2404 736 2477 795 ut
2522 731 2591 795 in
2635 732 2816 796 luxu-

465 836 629 901 riam
675 836 1041 923 invehatur3
1095 836 1313 922 itaque
1369 837 1449 901 ad
1502 841 1797 903 nostram
1851 860 1987 901 rem
2040 836 2207 901 nihil
2260 836 2508 903 faciunt
2561 844 2817 923 praeter

466 943 724 1029 sing-ula
760 944 1090 1030 quaedam,
1139 966 1302 1029 quae
1341 966 1535 1028 supra
1578 967 1695 1021 suo
1733 944 1877 1009 loco
1917 944 2574 1030 commemoravimuS,
2620 950 2696 1009 ut
2741 969 2816 1011 ea

467 1074 630 1136 quae
669 1074 702 1115 e
750 1073 898 1135 cap.
924 1053 1042 1136 .13‚
1081 1050 1193 1115 ubi
1232 1050 1309 1115 de
1347 1050 1704 1136 ignominia
1742 1055 1808 1114 et
1844 1052 1920 1115 de
1960 1055 2335 1135 contemptu
2371 1051 2604 1137 agitur,
2651 1075 2815 1139 quae

467 1163 1049 1225 commemoremur
1095 1158 1292 1243 digna
1336 1158 1476 1223 visa
1521 1162 1689 1225 sunt.

479 1346 493 1353 -
641 1265 760 1331 ΙΠ.
840 1266 1179 1331 Postremo
1244 1287 1450 1349 pauca
1512 1266 1588 1329 de
1653 1264 1769 1329 illo
1844 1264 2465 1349 disputationum
2528 1267 2812 1331 Tuscu-

467 1354 816 1439 lanarum
863 1372 1072 1458 capite
1119 1373 1367 1457 addam,
1415 1395 1542 1457 quo
1591 1372 1667 1437 de
1716 1372 1909 1437 exilio
1956 1371 2191 1457 agitur,
2237 1374 2621 1456 praesertim
2668 1396 2813 1439 cum

465 1480 558 1545 ibi
593 1480 663 1545 ni
691 1480 884 1545 fallor
914 1479 1192 1566 vestigia
1228 1479 1360 1545 sint
1388 1479 1817 1563 Epicureae
1851 1478 2260 1543 tractationis
2288 1478 2481 1545 huius
2511 1482 2588 1545 de
2618 1482 2812 1547 exilio

467 1587 610 1653 loci.
684 1588 1091 1673 Quamquam
1135 1587 1308 1651 enim
1345 1586 1607 1652 omnino
1655 1586 1815 1651 satis
1864 1585 2119 1664 exiliter
2157 1584 2704 1673 disserit-Cicero,
2744 1589 2811 1653 id

465 1699 681 1760 tamen
727 1694 1032 1781 cognosci
1074 1717 1266 1779 posse
1310 1693 1608 1778 arbitror,
1655 1692 1974 1777 principia
2013 1693 2237 1757 eodem
2274 1716 2353 1757 ex
2390 1693 2569 1759 fonte
2605 1695 2813 1780 petita

467 1825 632 1886 esse,
689 1803 856 1866 unde
909 1801 1193 1886 reliquae
1242 1802 1319 1865 de
1367 1798 1558 1865 exilio
1607 1799 2208 1865 commentationes:
2265 1799 2355 1865 eis
2404 1821 2567 1886 quae
2614 1825 2812 1886 supra

464 1908 708 1994 passim
745 1908 1194 1974 adnotavimus
1232 1908 1428 1973 addas
1467 1908 1763 1992 fortasse,
1803 1908 2026 1971 eodem
2053 1907 2244 1971 modo
2272 1907 2811 1993 philosophorum

469 2017 762 2101 exempla
818 2016 1059 2099 afferri,
1115 2015 1228 2101 qui
1275 2014 1344 2080 in
1387 2014 1907 2099 peregrinatione
1954 2019 2231 2080 aetatem
2278 2016 2813 2101 consumpserint,

471 2128 544 2189 ut
600 2124 770 2208 apud
824 2122 1249 2199 Plutarchum
1304 2120 1388 2210 (c.
1430 2120 1562 2209 14).
1653 2120 1976 2205 Epicurea
2030 2120 2233 2207 igitur
2281 2122 2514 2187 ‘inserit
2570 2122 2814 2209 CicerO,

467 2254 612 2296 cum
662 2230 819 2295 dicit
865 2228 935 2319 (ἓ
968 2226 1151 2317 108):
1201 2230 1518 2295 Postremo
1564 2230 1651 2295 ad
1693 2230 1895 2295 omnis
1941 2249 2122 2295 casus
2163 2230 2473 2310 facillima
2517 2231 2680 2297 ratio
2724 2237 2814 2296 est
2860 2254 2863 2260 ’

465 2361 731 2418 eorum,
768 2338 895 2423 qai
929 2340 1027 2402 ad
1048 2338 1496 2419 voluptatem
1531 2337 1894 2420 referunt,
1931 2357 2087 2419 qaae
2114 2341 2453 2419 sequantur
2478 2338 2549 2401 in
2578 2339 2740 2403 vita.
2763 2389 2775 2402 .
2796 2390 2809 2402 .

398 2479 404 2487 ’
460 2446 683 2530 Itaque
728 2447 814 2511 ad
853 2466 1091 2511 omnem
1134 2446 1438 2511 rationem
1489 2445 1709 2511 Teucri·
1754 2464 1869 2510 vox
1912 2445 2360 2509 accommodari
2391 2450 2588 2529 potest

914 2540 917 2543 ¹
1112 2552 1342 2619 Patria
1385 2557 1474 2617 est
1515 2552 1854 2635 ubicunque
1897 2556 1985 2616 est
2027 2550 2193 2635 bene,

467 2665 532 2726 et
579 2683 725 2725 cum
769 2659 1062 2745 exemplo
1109 2659 1180 2723 T.
1226 2657 1490 2746 Albuci,
1539 2658 1650 2743 qui
1696 2661 1909 2725 animo
1955 2660 2321 2741 aequissimo
2366 2658 2630 2727 Athenis
2674 2662 2815 2727 exal

455 2766 1021 2850 philosophabatur,
1077 2765 1281 2831 addit:
1339 2768 1440 2832 cai
1485 2772 1693 2833 tamen
1738 2766 1900 2831 illud
1946 2767 2151 2849 ipsum
2196 2786 2323 2831 non
2366 2768 2705 2847 accidisset,
2758 2769 2817 2833 si

466 2875 538 2939 in
582 2874 890 2957 republica
933 2875 1239 2957 quiescens
1274 2874 1597 2956 Epicuri
1641 2873 1870 2957 leyibas
1898 2874 2225 2957 paruisset,
2274 2877 2338 2937 et
2376 2896 2522 2937 cum
2557 2877 2815 2957 praeter

463 2976 1090 3048 Academicorum
1137 2980 1430 3065 exempla
1473 2980 1838 3065 Epicurei
1887 2980 2271 3057 afferuntur:
2318 2982 2426 3063 qui
2470 2982 2635 3045 enim
2680 2980 2813 3045 bea-

463 3090 586 3155 tior
619 3090 937 3173 Epicurus
979 3089 1142 3171 quod
1185 3090 1256 3153 in
1297 3090 1512 3171 patria
1555 3089 1806 3168 vivebat,
1851 3108 2040 3171 quam
2085 3090 2248 3170 quod
2276 3086 2546 3173 Athenis
2582 3090 2811 3153 Metro-

461 3198 663 3263 dorus.
755 3194 1098 3260 Praeterea
1150 3194 1428 3281 vestigia
1481 3195 1785 3280 Epicurei
1842 3195 1919 3260 de
1976 3194 2169 3259 exilio
2226 3192 2670 3259 commentarii
2720 3192 2812 3257 in-

464 3303 698 3389 dagare
771 3325 904 3367 non
967 3302 1179 3388 potui3
1251 3325 1458 3387 neque
1523 3301 1697 3367 0111111
1761 3301 2021 3366 0111111110
2099 3301 2375 3366 fortasse
2450 3299 2809 3387 accuratius

453 3408 770 3474 ‘tractavit
831 3409 1006 3473 hunc
1067 3410 1284 3475 locum
1345 3430 1420 3475 ea
1466 3388 1892 3493 philosophia,
1939 3428 2123 3492 qaae
2166 3410 2390 3474 civem
2434 3414 2644 3474 extra
2677 3428 2813 3491 pa-

467 3518 689 3582 triam
733 3518 1015 3603 posuit,
1069 3522 1244 3585 eoetra
1295 3518 1596 3583 mundum
1649 3518 1815 3602 deos,
1869 3538 2027 3601 quae
2078 3516 2365 3585 virtutem
2420 3517 2673 3583 donavit
2713 3536 2812 3581 vo-

469 3624 693 3706 luptati
737 3621 909 3710 (Sen.
957 3647 1056 3708 ep.
1103 3626 1207 3710 90,
1255 3622 1386 3712 35).

890 3837 1088 3892 Nunc
1121 3838 1318 3891 solem
1353 3843 1404 3892 et
1438 3837 1676 3891 stellas
1710 3841 1761 3889 et
1796 3836 2107 3890 decedentia
2144 3836 2302 3889 certis

896 3926 1158 3995 Tempora
1193 3926 1474 3980 momentis
1511 3930 1640 3979 sunt
1678 3926 1773 3993 qui
1806 3924 2102 3990 formidine
2137 3925 2297 3977 nulla

888 4014 1098 4069 Imbati
1131 4022 1392 4085 spectent.-
1429 4015 1565 4084 quid
1599 4029 1775 4068 censes
1810 4029 2085 4066 munera
2121 4019 2366 4079 terrae,

893 4132 2347 4159 00000000000000000000000000000

895 4194 1014 4263 Quo
1046 4194 1342 4263 spectanda
1376 4192 1550 4258 modo,
1589 4206 1695 4260 qao
1728 4206 1890 4243 sensa
1924 4190 2100 4245 credis
2135 4196 2185 4243 et
2221 4188 2349 4244 ore?

1426 4410 1850 4418 ——.——-——-
