3309 5167
1168 1408 1514 1485 Tabula
1568 1408 2117 1509 argumenti.

1533 1608 1745 1616 -.———-

1461 1735 1506 1795 C
1524 1740 1717 1811 aput
1759 1736 1809 1795 Ι.

1110 1854 1198 1909 De
1237 1853 1465 1909 Teletis
1501 1870 1569 1908 π.
1606 1858 1821 1925 φυγῆς
1856 1867 2155 1909 sermone.
2648 1904 2751 1943 pag·

510 1962 552 2018 Ι.
599 1963 682 2017 De
720 1960 974 2031 Stilpone
1009 1962 1070 2015 in
1108 1979 1360 2016 sermone
1395 1981 1452 2015 π.
1494 1970 1677 2031 φυγῆς
1734 2004 2527 2017 ............
2614 1969 2790 2015 3—14

487 2053 554 2107 II.
603 2054 685 2107 De
721 2051 943 2105 ratione
979 2050 1125 2105 inter
1163 2050 1474 2120 Stilponem
1511 2054 1567 2104 et
1603 2050 1857 2104 Teletem
1894 2050 2384 2105 intercedente..
2445 2095 2455 2104 .
2518 2095 2527 2104 .
2598 2057 2805 2104 14—32

607 2148 654 2196 1.
694 2142 775 2195 De
814 2140 1067 2209 Stilpone
1103 2139 1163 2193 in
1200 2140 1548 2194 sermonibus
1585 2159 1643 2194 π.
1684 2137 1975 2203 ἀπαθειας
2012 2143 2069 2194 et
2104 2160 2160 2194 π.
2199 2148 2299 2194 τοῦ
2342 2142 2534 2194 δοκεῖν

667 2232 793 2284 καὶ
827 2238 926 2284 τοῦ
966 2224 1115 2284 εἶναι
1164 2272 2526 2284 ....................
2598 2235 2803 2282 14-21

607 2326 655 2374 2.
693 2319 777 2373 De
813 2318 1033 2373 ratione
1070 2318 1217 2372 inter
1253 2318 1487 2372 Bionem
1525 2320 1582 2372 et
1620 2317 1933 2387 Stilponem
1969 2317 2461 2373 intercedente..
2520 2363 2532 2373 .
2600 2325 2809 2371 21-24

606 2416 655 2464 3.
693 2410 776 2465 De
813 2408 1031 2463 ratione
1069 2408 1216 2463 inter
1252 2411 1549 2477 utrumque
1588 2410 1645 2461 et
1681 2407 1933 2461 Teletem
1970 2407 2349 2463 intercedente
2376 2452 2387 2463 .
2448 2453 2459 2463 .
2519 2452 2531 2463 .
2597 2414 2807 2461 24-32

1457 2576 1502 2635 Ο
1519 2580 1709 2652 aput
1754 2577 1829 2635 H.

822 2695 910 2749 De
947 2695 1267 2750 Plutarchi
1306 2694 1368 2748 et
1404 2693 1669 2749 Musonii
1708 2694 2122 2750 communibus
2160 2695 2455 2750 fontibus.

515 2803 555 2856 I.
603 2802 686 2855 De
722 2801 1005 2870 Polynicis
1042 2800 1334 2869 Euripidei
1370 2799 1627 2853 irrisione
1679 2843 2533 2857 .............
2600 2808 2810 2855 32-43

612 2896 661 2944 1.
697 2889 780 2943 De
815 2889 1137 2943 fabularum
1172 2888 1424 2957 personis
1461 2887 1762 2942 irridendis
1814 2932 2534 2945 ...........
2600 2896 2811 2944 32-36

611 2984 660 3032 2.
699 2978 782 3031 De
817 2974 1101 3051 παρρησίᾳ
1168 3018 2532 3033 ....................
2600 2985 2810 3033 36-43

493 3068 562 3123 Π.
610 3069 691 3122 De
729 3066 1010 3121 communi
1047 3082 1232 3119 rerum
1267 3068 1472 3119 natura
1509 3070 1568 3120 et
1604 3068 1886 3121 communi
1923 3068 2113 3137 patria.
2169 3113 2534 3124 ......
2603 3074 2813 3123 43—50

467 3158 562 3213 ΠΙ.
609 3157 693 3211 De
730 3157 933 3231 ἀδοξίᾳ
955 3198 2533 3213 .......................
2601 3164 2810 3213 50-52

468 3247 562 3302 IV.
611 3247 693 3300 De
729 3244 1045 3316 ignominia,
1102 3288 2533 3301 .....................
2602 3253 2811 3302 52-56

1437 3412 1481 3472 C
1498 3434 1646 3489 apu
1662 3419 1691 3474 t
1734 3415 1845 3475 111.

1028 3530 1116 3585 De
1153 3531 1472 3586 Plutarchi
1510 3532 1785 3587 fontibus
1822 3532 2260 3600 peculiaribus-

520 3638 561 3690 I.
607 3637 690 3691 De
721 3638 982 3692 Aristone
1019 3637 1158 3692 Chio
1173 3681 2533 3695 ....................
2602 3646 2811 3694 56-64

618 3730 664 3779 1.
701 3726 784 3779 De
811 3727 984 3781 fontis
1022 3725 1212 3780 indole
1240 3726 1338 3795 qui
1375 3726 1558 3781 libelli
1585 3726 1911 3782 Plutarchei
1938 3729 2146 3797 potiori
2173 3729 2324 3798 parti
2355 3730 2548 3783 subest
2601 3734 2811 3783 56—58

616 3821 664 3869 2.
703 3815 786 3868 De
824 3815 1292 3870 commentatione
1328 3834 1386 3869 π.
1427 3813 1705 3885 εὐθυμίας
1746 3860 2534 3873 ............
2601 3822 2811 3870 59-62

616 3910 663 3958 3.
704 3903 786 3956 De
823 3904 1111 3973 utriusque
1147 3904 1330 3959 libelli
1369 3904 1661 3959 sententiis
1696 3906 2082 3961 communibus
2100 3952 2533 3963 .......
2602 3912 2814 3960 62-64

498 3994 565 4048 Π.
613 3993 697 4046 De
735 3992 1056 4059 Plutarchei
1091 3992 1273 4046 libelli
1310 4010 1430 4063 cap.
1464 4001 1492 4048 7
1536 4038 2537 4051 ...............
2604 4000 2813 4049 65-82

617 4090 663 4138 1.
703 4083 785 4137 De
823 4081 997 4135 Bione
1037 4084 1094 4135 et
1129 4082 1389 4136 Aristone
1456 4126 2533 4139 ................
2601 4088 2813 4137 65—66

615 4179 664 4227 2.
703 4173 785 4226 De
821 4169 1140 4225 hominibus
1179 4174 1236 4225 et
1270 4172 1436 4225 rebus
1475 4172 1719 4226 externis
1743 4215 2534 4228 ............
2602 4178 2811 4227 66—73

616 4268 664 4317 3.
702 4262 785 4317 De
821 4260 1143 4316 hominibus
1182 4263 1238 4314 et
1276 4260 1444 4314 exilio
1461 4304 2534 4317 ................
2604 4268 2809 4316 73-81

474 4352 566 4407 111.
613 4352 695 4405 De
731 4350 1021 4405 Plutarchi
1059 4368 1180 4419 cap
1213 4356 1244 4404 8
1321 4392 2537 4405 ..................
2603 4356 2814 4405 82-83

619 4449 664 4497 1.
705 4440 881 4495 Unius
919 4440 1074 4494 urbis
1112 4438 1293 4493 civem
1331 4455 1399 4491 ex
1437 4436 1565 4491 aliis
1604 4439 1892 4493 exclusum
1929 4457 2050 4493 esse
2099 4482 2537 4494 .......
2675 4446 2741 4494 82

617 4537 666 4585 2.
705 4531 786 4583 De
822 4529 1012 4599 patria
1049 4527 1205 4581 mala
1243 4569 2533 4583 ...................
2602 4534 2739 4580 82-
2745 4534 2812 4581 83
