3309 5167
1490 576 1737 660 Caput
1774 575 1849 640 V.

1425 714 1905 776 Aristonea.

672 848 752 913 In
795 846 1194 911 instituenda
1237 844 1354 909 illa
1397 846 1475 909 de
1522 842 1715 909 exilio
1763 843 2165 929 quaestione,
2211 847 2287 909 ut
2332 844 2473 909 fieri
2518 843 2701 927 solet,
2737 843 2840 926 ⁸in-

498 955 624 1020 cidi
668 954 738 1019 in
783 953 1112 1039 quaedam,
1159 974 1321 1037 quae
1369 974 1760 1037 quamquam
1802 972 1937 1015 non
1971 954 2106 1015 tam
2143 955 2281 1016 arte
2320 972 2465 1017 cum
2502 948 2839 1034 proposito

497 1064 837 1128 cohaerere
891 1059 1305 1144 videbantur,
1361 1064 1436 1123 ut
1491 1059 1571 1123 ad
1629 1057 2037 1122 efficiendum
2092 1057 2254 1123 illud
2300 1062 2414 1123 aut
2469 1056 2630 1121 illud
2676 1080 2838 1140 opus

497 1169 588 1235 eis
636 1172 823 1252 esset,
870 1171 1112 1231 tamen.
1134 1166 1214 1229 ad
1260 1164 1651 1231 fulciendam
1696 1187 1892 1229 unam
1939 1164 2287 1231 alteramve
2325 1187 2461 1229 rem
2498 1168 2653 1248 apta
2688 1162 2835 1229 sint.

494 1277 836 1342 Praeterea
880 1278 1016 1338 tam
1060 1273 1268 1338 latum
1312 1276 1534 1356 patere
1581 1295 1881 1356 campum
1922 1277 2082 1357 puto
2120 1272 2212 1337 eis
2250 1272 2363 1357 qui
2400 1272 2468 1337 in
2505 1270 2839 1335 Aristonis

500 1380 985 1467 philosophiam
1020 1378 1342 1464 inquirere
1369 1376 1592 1464 velint,
1627 1382 1703 1443 ut
1740 1400 1903 1463 quae
1930 1400 2049 1463 pro
2088 1402 2205 1443 sua
2232 1378 2505 1464 quisque
2533 1378 2843 1443 facultate

501 1488 751 1553 adferat
800 1509 932 1552 non
977 1486 1373 1570 repudianda
1417 1508 1556 1550 esse
1605 1485 1905 1550 arbitrer:
1961 1508 2169 1570 neque
2216 1485 2388 1550 enim
2441 1486 2608 1551 falsa
2650 1486 2842 1570 plane

435 1620 439 1623 ·
498 1594 758 1661 inutilia
809 1594 948 1660 fore
1005 1593 1218 1678 credO,
1275 1592 1512 1678 quippe
1571 1615 1735 1677 quae
1791 1592 1934 1657 aliis
1983 1593 2111 1658 alia
2153 1594 2259 1659 via
2304 1593 2844 1679 progrediendum

501 1724 640 1767 esse
687 1701 971 1765 doceant.

683 1811 734 1874 1.
781 1806 1038 1872 Primus
1078 1806 1160 1871 ad
1186 1804 1562 1872 Aristonem
1598 1806 1977 1891 posterioris
2018 1807 2248 1872 aetatis
2286 1807 2583 1873 libellum
2618 1808 2846 1873 retulit

499 1914 932 1981 Duemmler
977 1912 1210 2001 (Akad.
1245 1936 1308 1996 p.
1346 1914 1473 1979 211
1508 1912 1697 2001 sqq),
1737 1913 2045 1979 nimirum
2090 1914 2272 1978 illam
2307 1915 2644 1980 Plutarchi
2680 1939 2846 2001 quae

499 2025 708 2088 fertur
758 2045 824 2087 π.
860 2023 1062 2106 τύχης
1116 2021 1749 2106 commentationem,
1805 2022 1897 2086 ita
1950 2026 2026 2085 ut
2071 2021 2458 2087 sententiam
2503 2023 2846 2107 praecipue

499 2131 805 2215 probaret
825 2132 1196 2213 comparata
1215 2151 1290 2193 ea
1311 2151 1505 2213 quam
1531 2129 1638 2193 hic
1666 2128 1943 2213 legimus
1972 2128 2349 2195 virtutum
2377 2129 2845 2195 definitione

501 2260 646 2301 cum
692 2259 766 2300 ea
812 2258 1006 2321 quam
1051 2234 1378 2300 Aristonis
1427 2235 1625 2300 refert
1669 2235 1837 2300 Plut.
1882 2238 1954 2301 de
1998 2238 2138 2302 virt.
2176 2258 2329 2303 mor.
2376 2259 2427 2301 c.
2465 2240 2523 2303 2.
2617 2236 2846 2321 Neque

499 2367 648 2407 eum
690 2341 886 2427 fugit,
932 2341 1073 2426 ipsa
1111 2341 1368 2426 quidem
1412 2342 1610 2408 verba
1655 2341 1899 2425 optime
1940 2341 2073 2407 sibi
2118 2344 2529 2429 respondere,
2586 2344 2845 2409 differre

501 2455 718 2514 tamen
763 2448 833 2513 in
868 2471 961 2534 eo,
1008 2448 1180 2533 quod
1216 2448 1322 2513 hic
1359 2450 1687 2534 φρόνησις
1724 2448 2191 2532 complectatur
2229 2449 2509 2534 reliquas
2551 2450 2850 2536 virtuteS‚

501 2556 636 2622 illic
689 2556 860 2621 inter
913 2554 1194 2639 reliquas
1251 2559 1663 2619 enumeretur
1720 2556 2042 2620 communi
2087 2556 2351 2622 virtutis
2396 2556 2655 2621 nomine
2703 2580 2851 2622 con-

502 2664 773 2746 iunctas,
822 2666 1048 2726 contra
1092 2660 1363 2726 eundem
1399 2662 1636 2726 habere
1676 2662 1891 2727 locum
1927 2666 2259 2750 φρόνησιν
2295 2663 2364 2727 in
2402 2664 2491 2728 eis
2530 2663 2850 2729 virtutum

502 2762 985 2836 definitionibus
1033 2792 1196 2853 quae
1243 2792 1276 2833 e
1314 2769 1590 2835 Zenonis
1638 2774 1849 2835 aetate
1890 2770 2105 2854 priore
2152 2775 2443 2835 servatae
2489 2771 2639 2836 sint.
2724 2770 2846 2837 Sed

503 2882 577 2943 ut
630 2876 882 2941 facilius
931 2898 1067 2940 rem
1120 2876 1471 2960 perspicias
1481 2929 1499 2963 ,
1557 2876 1626 2942 in
1677 2882 2025 2962 conspectu
2070 2875 2192 2942 tibi
2238 2900 2477 2961 ponam
2504 2876 2839 2970 *virtutum

505 2982 908 3048 definitiones
957 2974 1177 3068 quales
1223 2983 1500 3079 traditae
1545 2988 1725 3049 sunt:

515 3129 915 3211 σωφροσύνη
1037 3124 1046 3231 1
1213 3129 1538 3213 φρόνησις
1694 3124 1701 3229 Ι
1833 3128 2221 3209 δικαιοσύνη
2352 3123 2359 3226 Ι
2513 3126 2784 3213 ἀνδρεία

1280 3259 1468 3325 Zeno,
1912 3334 1923 3351 s

401 3367 570 3431 Plut.
599 3368 672 3432 de
699 3367 881 3433 Stoic.
908 3388 1032 3451 rep.
1330 3404 1413 3413 —
1498 3378 1508 3385 '
1712 3371 2039 3454 φρόνησις
2062 3366 2095 3432 ε’
2104 3392 2145 3432 ν
2166 3367 2350 3433 ἀπο-
2434 3369 2761 3454 φρόνησις
2806 3365 2878 3433 ἐν

402 3473 530 3539 VII
709 3510 798 3519 —
1831 3500 1874 3541 ν
1886 3499 1916 3540 ε
1927 3498 2024 3560 μη
2035 3498 2072 3538 τ
2085 3472 2120 3539 ε’
2127 3498 2163 3539 o
2178 3499 2200 3538 ι
2215 3500 2248 3551 ς
2462 3472 2870 3560 ἐνεργητέοις

401 3602 472 3665 de
507 3600 644 3663 virt.
683 3596 834 3663 mor.
871 3600 1033 3683 φρό-
1332 3635 1415 3643 -
1952 3598 2111 3663 item
2426 3583 2750 3667 φρόνησις
2797 3580 2871 3647 ἐν

401 3722 590 3789 νησις
611 3704 1030 3791 ἐν[δι]αἱρε-
2371 3685 2932 3773 ὑπομενετέοις

401 3837 608 3890 τεοις

1257 3898 1497 3964 AristO.

316 4016 332 4025 ‘
403 4007 622 4072 Galen.
679 4007 716 4071 1.
775 4030 825 4071 ο.
901 4005 1036 4071 ἐπι·
1057 4004 1155 4072 ἐπ.
1185 4006 1344 4072 ὅταν
1381 4007 1695 4093 πράττειν
1716 4006 1812 4073 ἐπ.
1869 4008 2031 4073 ὅταν
2084 4010 2159 4073 τὸ
2205 4003 2345 4074 κατ’
2374 4005 2469 4072 ἐπ.
2517 4007 2677 4071 ὅταν
2717 4008 2796 4071 τὰ
2834 4004 2961 4091 μὲν

403 4117 610 4198 στήμη
685 4114 842 4180 ὅταν
920 4114 1037 4179 αί-
1057 4110 1180 4198 μὲν
1249 4112 1541 4199 τάγαθά,
1605 4116 1694 4200 μὴ
1784 4112 1978 4194 ἀξίαν
2034 4113 2279 4204 ἑκάστῳ
2400 4121 2687 4200 θαρρῇ,
2734 4115 2813 4179 τὰ
2857 4110 2934 4179 δὲ

404 4228 724 4306 ρεῐσθαι
780 4246 850 4287 τε
897 4219 1370 4308 δέοιπροίττειν
1452 4218 1526 4287 δὲ
1615 4224 1695 4287 τὰ
1941 4220 2132 4307 νέμῃ
2531 4222 2781 4305 φεύγῃ

401 4326 662 4409 τάγαθὰ
714 4326 824 4393 καὶ
879 4329 1037 4413 φεύ-
1056 4330 1222 4394 κακὰ
1269 4325 1448 4417 (δέῃ)

404 4457 549 4515 γειν
593 4435 672 4497 τὰ
717 4436 881 4499 κακὰ
1047 4415 1055 4537 Ι
1701 4415 1708 4539 Ι
2355 4414 2363 4499 l
