3309 5167
1353 364 1781 430 „15—

401 525 791 591 mentatione
839 548 900 591 π.
949 526 1292 610 ἀπαθείας,
1337 525 1451 589 ubi
1489 530 1711 589 tamen
1746 529 2055 609 quantam
2089 544 2206 607 per
2238 527 2491 607 partem
2526 524 2739 588 valeat

400 630 522 696 hoc
557 655 792 698 nomen
828 634 1001 698 haud
1037 634 1132 697 ita
1167 632 1354 697 facile
1393 632 1480 697 sit
1517 632 1799 718 cognitu,
1848 655 1993 697 cum
2037 630 2177 715 ipse
2222 652 2445 695 sensus
2492 631 2739 695 nullam

399 740 706 821 praebeat
743 763 964 805 ansam
1002 744 1174 804 recte
1207 739 1546 805 iudicandi.
1623 738 1849 824 Neque
1886 737 2059 803 enim
2098 760 2249 802 casu
2276 735 2526 821 accidit,
2565 738 2736 821 quod

397 868 632 911 nomen
680 845 993 931 Stilponis
1039 848 1398 931 praefixum
1444 851 1544 911 est
1589 843 2161 931 argumentationi,
2219 866 2382 929 quae
2442 844 2737 928 inprimis

398 953 613 1036 posita
667 958 768 1019 est
825 953 894 1017 in
948 958 1290 1039 praecepto
1347 953 1462 1018 illo
1511 954 1588 1017 de
1634 953 1926 1040 ἀπαθείᾳ
1973 951 2281 1036 sapientis
2330 952 2500 1035 apud
2547 951 2740 1036 scrip-

396 1064 631 1145 torem,
689 1061 797 1146 qui
850 1060 1008 1126 alibi
1053 1062 1178 1127 hoc
1222 1065 1638 1145 praeceptum
1682 1082 1815 1125 non
1860 1058 2299 1144 amplectitur3
2355 1063 2582 1123 contra
2626 1081 2742 1142 per

398 1190 465 1231 se
521 1166 976 1234 difficillimum
1025 1192 1165 1233 esse
1213 1172 1480 1253 apparet
1525 1168 1594 1233 in
1641 1166 2209 1250 commentatione,
2267 1188 2429 1250 quae
2476 1167 2553 1231 de
2598 1165 2741 1250 ipsa

397 1272 690 1362 ἀπαθείᾳ
752 1275 1112 1361 composita
1165 1280 1291 1360 est,
1355 1297 1652 1359 separare
1713 1272 2045 1359 Stilponea
2098 1274 2180 1337 ab
2237 1272 2329 1336 eis
2391 1295 2555 1357 quae
2610 1272 2738 1337 alio

397 1404 430 1445 e
485 1382 663 1446 fonte
718 1382 1057 1447 fluxerunt.
1155 1382 1362 1458 Quare
1418 1382 1548 1446 iam
1604 1402 1965 1445 sermonem
2030 1379 2217 1444 illum
2272 1401 2737 1463 percurramus,

573 1487 930 1574 Postquam
966 1514 1024 1574 p.
1064 1492 1169 1575 42,
1200 1492 1373 1555 2-4
1411 1488 1789 1554 brevissime
1828 1510 1958 1573 qua
1993 1488 2070 1551 de
2107 1509 2177 1551 re
2214 1486 2282 1551 in
2321 1486 2739 1571 sequentibus

397 1600 696 1679 ageretur
741 1588 1041 1683 exposuit
1084 1596 1289 1678 Tele8‚
1341 1618 1593 1680 semper
1638 1595 1882 1660 eisdem
1928 1593 2235 1677 exemplis
2282 1616 2437 1657 usus
2485 1594 2741 1657 demon-

397 1706 588 1785 strat,
643 1708 718 1768 ut
771 1704 945 1769 aliud
1002 1705 1090 1770 sit
1143 1704 1350 1769 dicere
1399 1704 1474 1767 de
1532 1704 1898 1789 ἀπυρήνοις
1953 1701 2169 1785 malis,
2227 1700 2303 1764 de
2349 1700 2741 1785 ἀτραχήλοις

396 1812 588 1893 atque
627 1809 980 1897 ἀπλεύροις
1015 1810 1408 1895 hominibUS,
1451 1810 1625 1875 aliud
1663 1810 1740 1873 de
1778 1809 2261 1894 ἀναμαρτήτοις
2296 1811 2490 1892 atque
2528 1808 2741 1892 ἀφθό-

397 1939 542 1994 νοις
605 1922 718 1982 aut
777 1920 1024 2005 ἄφροσι
1081 1923 1274 2003 atque
1335 1920 1547 2001 ἄνοις,
1612 1917 1709 1982 ita
1758 1916 1949 2000 plane
2006 1914 2195 1979 aliter
2248 1914 2739 1999 intelligendum

397 2044 552 2104 esse,
603 2024 776 2108 quod
813 2024 890 2089 de
929 2023 1204 2101 ἀλύποις
1241 2029 1434 2109 atque
1473 2023 1756 2108 ἀφόβοις
1794 2022 2044 2087 dicatur
2083 2019 2167 2108 (p.
2207 2024 2313 2107 42,
2347 2024 2622 2107 13—43‚
2658 2021 2737 2111 1).

399 2127 596 2195 Cuius
661 2131 1243 2216 argumentationis
1310 2131 1626 2216 quaedam
1688 2152 1893 2216 usque
1956 2130 2026 2194 in
2090 2129 2365 2196 Senecae
2419 2152 2513 2214 ep.
2555 2132 2656 2214 85,
2694 2133 2737 2196 5

396 2224 756 2322 propagata
792 2260 931 2303 esse
964 2238 1181 2303 Hense
1219 2238 1572 2322 adnotavit,
1609 2238 1723 2322 qui
1760 2241 2027 2321 propter
2061 2237 2229 2302 hanc
2264 2237 2505 2301 Teletis
2544 2242 2737 2323 atque

400 2342 676 2409 Senecae
716 2367 1100 2410 consensum
1136 2345 1309 2410 hunc
1347 2344 1663 2429 epistulae
1699 2346 1915 2410 locum
1949 2344 2147 2409 indici
2175 2344 2420 2409 Β101160
2448 2344 2740 2424 inseruit,

397 2472 787 2537 quamquam
833 2452 1053 2518 omisit
1099 2452 1281 2518 illam
1329 2452 1640 2517 sermonis
1689 2474 1755 2517 π.
1802 2451 2128 2528 ἀπαθείας
2170 2456 2439 2536 partem.

572 2558 666 2623 Ut
719 2558 924 2644 igitur
976 2582 1056 2624 ne
1111 2559 1452 2624 minimum
1509 2560 1770 2645 quidem
1820 2560 2085 2623 affectus
2133 2558 2370 2625 habere
2416 2561 2740 2645 debemus,

396 2662 490 2728 ita
527 2664 788 2730 omnino
828 2666 1081 2730 nullum
1117 2668 1435 2750 affectum,
1485 2689 1629 2731 cum
1668 2689 1887 2731 omnes
1928 2671 2065 2731 arte
2101 2666 2273 2731 inter
2308 2689 2376 2731 se
2415 2668 2739 2734 coniuncti

401 2769 554 2854 sint,
606 2771 675 2836 id
732 2774 903 2857 quod
960 2774 1252 2857 exemplo
1309 2775 1519 2856 λύπης
1573 2772 1920 2857 exponitur
1975 2772 2082 2860 (11
2148 2776 2209 2838 εί
2260 2770 2387 2839 οὗν
2442 2774 2517 2839 ἐν
2565 2776 2737 2861 λύπῃ

403 2878 600 2961 ἔσται,
637 2890 776 2956 πῶς
814 2879 999 2957 ἐκτός
1039 2904 1217 2958 τινος
1246 2883 1424 2945 ἔσται
1461 2878 1797 2965 πάθους;).
1873 2878 2233 2945 Affectibus
2271 2886 2487 2945 autem
2516 2904 2740 2947 vacare

399 2983 700 3050 debemus
745 2986 801 3051 si
847 2986 1108 3071 quidem
1155 2988 1463 3074 μακάριοι
1510 3010 1649 3052 esse
1693 2987 2007 3072 volumuS,
2054 2992 2129 3052 ut
2166 3010 2371 3072 neque
2410 2988 2598 3053 amici
2634 3012 2741 3054 ne-

400 3113 523 3175 que
569 3092 760 3157 liberi
807 3116 980 3158 mors
1027 3117 1145 3159 nos
1195 3094 1374 3159 luctu
1421 3094 1690 3178 afficiat,
1738 3095 1975 3179 quippe
2023 3094 2134 3179 (1111
2179 3117 2297 3159 nos
2344 3094 2520 3179 ipsos
2568 3096 2740 3159 haud

396 3198 607 3263 minus
677 3222 871 3284 quam
936 3200 1211 3265 amicum
1275 3201 1379 3266 vel
1445 3202 1686 3266 liberos
1753 3206 2041 3266 amantes
2108 3200 2399 3285 ipsorum
2464 3207 2739 3267 mortem

394 3305 654 3371 fortiter
713 3307 1204 3393 expectemus.1)
1318 3307 1709 3392 Exemplum
1766 3307 2049 3373 Socratis
2108 3330 2221 3372 cur
2273 3308 2466 3373 Bioni
2521 3308 2739 3373 deberi

395 3414 672 3479 voluerit
699 3413 916 3480 Hense
949 3413 1105 3502 (ind.
1137 3411 1351 3502 Bion.)
1379 3416 1614 3499 nesci0,
1654 3438 1801 3479 cum
1828 3415 2106 3482 formam
2134 3416 2446 3480 sermonis
2476 3415 2739 3481 minime

395 3520 674 3587 similem
730 3544 869 3587 esse
925 3522 1288 3607 putaverim
1341 3522 1887 3607 narratiunculae,
1944 3546 2105 3608 quae
2162 3524 2231 3587 in
2276 3525 2738 3589 commentario

394 3648 458 3691 π.
506 3629 892 3714 αὐταρκείας
939 3634 1118 3694 extat
1164 3630 1251 3714 (p.
1293 3632 1393 3715 11,
1428 3628 1538 3717 10)
1575 3629 1770 3694 Β10111
1805 3630 2175 3716 tribuenda3
2222 3653 2429 3716 neque
2467 3632 2637 3696 enim
2674 3633 2741 3696 id

394 3733 609 3817 ipsum
673 3735 844 3818 quod
909 3759 948 3800 a
1002 3735 1264 3801 Socrate
1336 3737 1565 3802 mortis
1633 3737 1990 3803 constantis
2059 3738 2423 3822 exemplum
2475 3739 2737 3824 petitur,

394 3840 565 3905 inter
611 3839 974 3907 Socraticos
1022 3843 1223 3908 alium
1269 3868 1345 3909 ex
1390 3844 1518 3909 alio
1565 3844 1841 3928 pendere
1887 3844 2146 3909 indicat.

541 4058 594 4125 1)
632 4054 692 4111 Si
729 4070 856 4109 cum
884 4053 1225 4109 Buechelero
1261 4072 1362 4125 pro
1400 4055 1497 4109 καὶ
1532 4056 1631 4110 τὸν
1672 4058 1837 4124 φίλον
1876 4060 2083 4125 μᾶλλον
2111 4054 2145 4124 ἢ
2174 4055 2245 4110 τὰ
2272 4055 2442 4111 τέκνα
2470 4055 2505 4125 ἢ
2536 4052 2736 4111 ἔαυτόν

398 4146 470 4213 (p.
511 4150 596 4214 43,
618 4148 710 4215 20)
758 4143 918 4198 codd.
967 4142 1110 4212 legis
1157 4144 1255 4197 καὶ
1302 4142 1486 4213 τέκνα,
1533 4148 1721 4199 mente
1769 4145 2141 4215 supplendum
2185 4145 2295 4200 tibi
2332 4146 2441 4200 erit
2478 4162 2545 4200 ex
2583 4148 2738 4201 ante-

396 4232 627 4289 cedente
671 4234 772 4288 illo
819 4230 854 4301 ἢ
905 4233 1006 4303 οὐχ
1063 4230 1264 4301 ὁμοίως
1309 4234 1502 4307 ἀγαπᾷ
1559 4234 1846 4301 quoddam
1892 4232 1927 4302 ἢ
1974 4236 2183 4310 ἀγαπᾷ.
2267 4234 2494 4288 Rectior
2549 4238 2739 4290 autem

397 4337 589 4377 sensus
627 4323 884 4391 efficitur,
925 4321 972 4375 si
1010 4339 1136 4376 cum
1166 4319 1432 4391 B(lassio)
1469 4324 1697 4377 litterar.
1732 4323 2021 4379 Centralbl.
2064 4329 2212 4379 1890
2248 4342 2300 4378 n.
2341 4329 2409 4376 30
2447 4320 2480 4391 ἢ
2509 4345 2556 4379 τ.
2588 4345 2646 4394 φ.
2684 4346 2737 4395 μ.

396 4409 494 4462 καὶ
540 4432 586 4465 τ.
633 4433 677 4466 τ.
725 4409 760 4479 ἢ
815 4406 856 4466 ἕ.
907 4411 1143 4480 scribas,
1191 4409 1284 4464 vel
1327 4410 1515 4479 potius
1561 4414 1899 4481 transponas
1945 4412 2090 4467 nihil
2125 4414 2351 4466 mutans
2388 4410 2423 4481 ἢ
2462 4413 2531 4467 τὰ
2568 4413 2739 4469 τέκνα

397 4502 602 4565 μᾶλλον
639 4500 735 4554 καὶ
773 4499 870 4554 τὸν
909 4502 1074 4569 φίλον
1111 4497 1146 4567 ἢ
1187 4494 1403 4555 ἔαυτόν.
