3309 5167
1525 356 1951 421 *96*

571 514 735 578 auch
781 515 894 579 das
940 514 1464 599 Euripidescitat‚
1511 515 1785 580 welches
1833 538 1952 579 uns
1993 516 2061 599 ja
2102 514 2511 601 vorwiegend
2556 515 2627 579 in
2661 516 2907 581 stoisch

571 622 910 707 gesarbten
965 622 1223 706 quellen
1275 622 1568 687 erhalten
1622 622 1710 687 ist
1766 622 1899 687 und
1955 622 2184 687 dessen
2236 622 2735 688 materialismus
2790 623 2911 687 mit

572 728 840 794 Platons
879 729 1056 793 lehre
1093 729 1518 795 unvereinbar
1555 729 1697 814 ist“‚
1748 729 1813 794 id
1861 730 2032 813 quod
2070 728 2391 814 copiosius
2431 729 2717 794 eiusdem
2762 730 2913 795 libri

575 857 710 920 cap.
757 836 852 900 VI
917 833 1008 923 (p.
1057 838 1140 901 96
1163 834 1334 923 sqq.)
1399 836 1873 901 demonstrasse
1938 835 2065 900 sibi
2137 836 2314 901 visus
2381 841 2506 921 est,
2580 836 2693 901 ubi
2754 836 2910 902 Xen.

571 944 920 1007 memorab.
961 965 1010 1007 c.
1047 942 1161 1027 IV,
1201 945 1241 1009 3
1290 947 1638 1027 comparat.
1732 942 1907 1019 Quae
1954 964 2099 1009 cum
2146 942 2508 1009 accuratius
2552 943 2914 1009 'examinare

572 1053 638 1112 et
683 1048 950 1135 longum
997 1050 1085 1114 sit
1122 1071 1332 1134 vneque
1369 1050 1450 1115 ad
1486 1072 1622 1114 rem
1658 1054 1952 1115 nostram
1990 1054 2255 1135 spectet,
2301 1072 2473 1115 nunc
2510 1050 2913 1115 omittamus:

570 1178 720 1223 nam
753 1178 886 1222 non
913 1156 979 1221 id
1008 1179 1323 1243 curamuS‚
1362 1180 1489 1241 quo
1519 1161 1811 1241 tempore
1842 1156 2102 1222 omnino
2132 1156 2415 1241 primum
2443 1157 2558 1222 illa
2586 1158 2663 1221 de
2691 1157 2915 1222 mundi

570 1263 792 1329 ordine
859 1264 1050 1331 certis
1115 1264 1367 1351 legibus
1429 1265 1751 1350 descripto
1817 1264 2139 1329 sententia
2194 1270 2351 1330 nata
2410 1265 2497 1330 sit
2542 1302 2627 1313 -—-
2676 1264 2916 1329 similia

569 1370 741 1433 enim
786 1370 917 1435 iam
971 1370 1042 1435 in
1086 1370 1395 1456 Aeschyli
1448 1370 1743 1437 versibus
1798 1370 1930 1437 illis
1978 1376 2290 1455 apparent
2336 1369 2596 1460 (Agam.
2644 1373 2687 1437 4
2715 1368 2913 1459 sqq.):

833 1478 1096 1565 ἀστρῶν
1139 1479 1412 1544 κάτοιδα
1457 1454 1809 1566 νυκτέρων1
1842 1479 2169 1566 ὁμήγυριν

833 1583 944 1650 καὶ
988 1588 1174 1663 τοὺς
1217 1585 1609 1673 φέροντας
1653 1598 1885 1671 χεῖμα
1930 1584 2057 1651 καὶ
2103 1584 2346 1673 θέρος
2389 1590 2707 1673 βροτοῖς

835 1696 1240 1779 λαμπροὺς
1285 1694 1682 1772 δυνάστας
1728 1692 2179 1780 ἐμπρέποντας
2222 1692 2449 1781 αἰθέρι
2489 1730 2566 1741 --

569 1799 681 1863 sed
746 1799 1002 1883 quando
1059 1823 1098 1863 a
1151 1823 1431 1885 quonam
1495 1800 1819 1867 sententia
1880 1801 1995 1866 illa
2057 1801 2151 1865 ita
2216 1801 2615 1866 conformata
2676 1800 2787 1885 sit,
2841 1804 2918 1864 ut

569 1906 886 1972 mundus
953 1906 1428 1991 reipublicae
1499 1913 2005 1992 compararetur:
2078 1908 2145 1972 id
2218 1909 2391 1993 quod
2454 1914 2595 1974 tum
2659 1907 2918 1971 demum

573 2014 716 2079 fieri
769 2013 1010 2099 potuit,
1067 2037 1212 2079 cum
1262 2014 1423 2081 haec
1478 2014 1621 2099 ipsa
1676 2016 1900 2081 mundi
1956 2020 2022 2081 et
2076 2015 2465 2100 reipublicae
2522 2012 2917 2097 comparatio

569 2120 811 2187 usitata
873 2127 1039 2207 erat,
1105 2122 1145 2186 i.
1193 2144 1244 2187 e.
1301 2122 1470 2187 inter
1527 2122 1805 2188 Stoicos:
1872 2124 2041 2207 apud
2100 2122 2408 2188 Senecam
2462 2121 2663 2208 igitur
2719 2126 2916 2206 atque

567 2228 943 2312 Epictetum
1016 2228 1261 2293 similia
1326 2229 1518 2294 huius
1579 2230 1719 2295 .loci
1791 2229 2162 2295 Plutarchei
2234 2228 2615 2295 invenimus,
2724 2228 2914 2313 Apud

567 2334 943 2419 Epictetum
988 2336 1090 2401 his
1145 2359 1401 2421 quoque
1448 2336 1608 2401 illud
1654 2336 1805 2424 περὶ
1851 2346 2177 2422 κυνισμοῦ
2214 2336 2599 2421 inscriptum
2635 2340 2757 2400 est:
2807 2337 2919 2400 sed

571 2464 716 2505 cum
755 2441 992 2507 veteris
1031 2447 1096 2507 et
1132 2443 1505 2508 recentioris
1549 2442 1856 2528 Cynismi,
1894 2444 2158 2529 genuini
2196 2447 2263 2508 et
2308 2442 2655 2509 adulterini
2690 2442 2917 2508 Bionis

568 2550 850 2615 frustula
892 2549 962 2614 in
1003 2549 1108 2615 his
1155 2550 1325 2615 inter
1372 2572 1440 2614 se
1481 2550 1740 2615 misceri
1776 2550 2143 2637 viderimus,
2189 2551 2363 2615 haud
2401 2551 2495 2615 ita
2532 2551 2612 2615 ad
2647 2551 2918 2615 verbum

569 2657 764 2721 fidem
820 2656 918 2721 illi
961 2661 1155 2722 notae
1195 2657 1568 2722 'habendum
1613 2680 1753 2723 esse
1801 2663 2086 2743 apparet.
2168 2658 2300 2723 Ubi
2345 2658 2415 2723 in
2458 2657 2645 2722 initio
2693 2657 2918 2722 statim

569 2762 640 2851 (ἓ
669 2766 710 2829 3
747 2768 1094 2848 postquam
1132 2764 1497 2848 expositum
1539 2770 1657 2850 est,
1695 2766 1923 2831 domus
1960 2788 2093 2830 non
2120 2788 2638 2850 unumquemque
2666 2764 2916 2848 dispen-

570 2876 851 2936 satorem
888 2894 1027 2936 esse
1063 2894 1271 2957 posse,
1311 2873 1422 2937 sed
1461 2873 1795 2939 dominum
1832 2897 1980 2938 eum
2017 2870 2383 2960 designare)
2419 2872 2579 2937 haec
2614 2872 2916 2956 leguntur

569 2981 608 3059 ἓ
637 2980 704 3043 4:
753 2979 925 3044 οὕτω
972 2983 1224 3061 γίνεται
1272 2978 1381 3044 καὶ
1423 2979 1506 3045 ἐν
1550 2990 1636 3066 τῇ
1684 2981 1977 3066 μεγάλῃ
2021 2984 2246 3046 πόλει
2287 2982 2545 3064 ταύτῃ.
2612 2981 2748 3044 ἔστι
2786 2980 2907 3064 γάρ

569 3110 668 3161 τις
703 3083 812 3150 καὶ
852 3084 1083 3151 ἐνθάδ’
1126 3088 1693 3171 οἰκοδεσπότης
1728 3088 1966 3153 ἕκαστα
2009 3089 2407 3153 διατάσσων·
2457 3090 2540 3152 σὺ
2577 3088 2796 3170 ἥλιος
2830 3082 2902 3151 εἶ.

571 3193 855 3257 δύνασαι
921 3196 1428 3280 περιερχόμενος
1501 3194 1811 3261 ἐνιαυτὸν
1883 3208 2102 3261 ποιεῖν
2173 3193 2284 3260 καὶ
2350 3196 2525 3281 ὥρας
2585 3192 2695 3259 καὶ
2756 3195 2906 3268 τοὺς

567 3302 863 3385 καρποὺς
908 3298 1135 3379 αὔξειν
1177 3299 1289 3365 καὶ
1333 3300 1604 3388 τρέφειν
1643 3302 1753 3368 καὶ
1792 3302 2079 3388 ἀνέμους
2112 3315 2326 3368 κινεῖν
2360 3299 2469 3367 καὶ
2508 3300 2766 3367 ἀνιέναι
2802 3298 2909 3365 καὶ

567 3406 648 3469 τὰ
687 3406 953 3489 σώματα
992 3416 1126 3470 τῶν
1161 3402 1543 3492 ἀνθρώπων
1577 3412 1971 3495 θερμαίνειν
2010 3407 2418 3496 συμμέτρως·
2464 3409 2695 3492 ὕπαγε,
2738 3431 2915 3494 περι-

571 3509 768 3597 έρχου
823 3509 932 3575 καὶ
990 3512 1162 3576 οὕτω
1211 3513 1512 3587 ,διακόνει
1569 3512 1698 3580 ἀπὸ
1754 3527 1889 3581 τῶν
1934 3519 2261 3599 μεγίστων
2306 3517 2385 3581 τὰ
2432 3518 2789 3601 μικρότατα
2826 3552 2915 3562 -

568 3617 699 3682 iam
736 3622 1096 3702 sequuntur
1131 3624 1474 3704 praecepta
1505 3644 1669 3705 quae
1697 3627 2031 3711 μοσχαρίῳ
2062 3623 2314 3687 dantur.
2388 3622 2579 3706 Apud
2610 3621 2915 3687 Senecam

570 3724 742 3788 inter
788 3724 916 3788 alia
960 3731 1304 3809 praecepta
1337 3764 1424 3771 —
1470 3730 1581 3808 qui
1622 3728 1769 3793 haee
1808 3730 2012 3809 faeere
2045 3736 2346 3811 proponet
2391 3731 2545 3795 volet
2588 3732 2914 3813 temptabit,

569 3835 656 3897 ad
697 3834 838 3897 deos
881 3834 1000 3897 iter
1039 3833 1242 3915 faciet,
1289 3831 1548 3897 additur
1582 3870 1670 3879 --
1706 3833 1866 3898 haec
1911 3834 2267 3899 afferuntur
2314 3836 2461 3901 dial.
2509 3836 2653 3922 VII,
2692 3838 2796 3922 20,
2843 3836 2914 3901 5:

562 3942 900 4023 patriam
947 3960 1146 4003 meam
1191 3959 1315 4003 esse
1357 3942 1701 4005 mundum
1748 3943 1940 4006 seiam
1970 3948 2036 4006 'et
2066 3945 2461 4025 praesides
2506 3942 2757 4031 deos¹):
2802 3944 2915 4009 hos

566 4068 758 4129 supra
802 4067 896 4110 me
939 4046 1216 4128 circaque
1259 4068 1353 4111 me
1395 4052 1560 4111 stare
1599 4048 1911 4127 factorum
1955 4050 2369 4133 dictorumque
2412 4072 2697 4116 censores,
2793 4048 2911 4115 Oo-

713 4222 766 4290 1)
803 4220 910 4275 Dio
939 4220 1219 4289 chrysost.
1250 4239 1326 4277 or.
1357 4222 1460 4275 XII
1495 4240 1548 4291 p.
1580 4228 1709 4278 381:
1751 4224 1887 4278 deus
1926 4226 2013 4279 est
2049 4227 2239 4289 κοινὸς
2274 4228 2597 4297 ἀνθρώπων
2634 4228 2731 4282 καὶ
2756 4231 2913 4282 θεῶν

571 4309 828 4381 βασιλεύς
867 4330 926 4365 τε
963 4311 1061 4365 καὶ
1098 4310 1285 4381 ἄρχων
1321 4312 1419 4366 καὶ
1456 4312 1727 4382 πρύτανις
1773 4314 1870 4368 καὶ
1914 4314 2123 4385 πατήρ;
2169 4315 2350 4385 Epict.
2390 4316 2523 4372 dise.
2560 4318 2653 4387 ΙΠ,
2694 4322 2779 4385 22,
2818 4322 2914 4373 56:

568 4402 794 4469 Κυνικῷ
831 4398 894 4453 δὲ
931 4404 1150 4471 Καῖσαρ
1188 4398 1270 4463 τίς
1307 4395 1455 4455 ἔστιν
1492 4398 1527 4471 ἢ
1566 4402 1899 4466 ἀνθύπατος
1935 4401 1969 4473 ἢ
2008 4402 2171 4467 ἄλλος
2207 4402 2241 4473 ἢ
2272 4404 2302 4459 ὃ
2331 4407 2785 4479 καταπεπομφὼς
2812 4407 2915 4461 αὐ-

567 4486 666 4541 τὸν
703 4486 799 4540 καὶ
837 4481 879 4561 ᾧ
917 4489 1170 4559 λατρεύει
1207 4490 1236 4543 ὁ
1280 4491 1441 4559 Ζεύς;
