3309 5167
1377 344 1858 407 -123—

445 503 634 557 locus
671 519 784 556 non
823 500 1068 570 sapienti
1103 499 1446 570 ignominiae
1483 501 1584 569 est,
1625 501 1724 554 sed
1762 498 1984 569 sapiens
2021 499 2145 553 loco
2182 498 2371 554 decori
2409 505 2477 555 80
2506 499 2632 555 adn.

443 590 796 660 Lysander
833 589 1055 659 ἐντίμου
1093 588 1152 643 in
1187 592 1520 659 paupertate
1558 589 1875 659 exemplum
1913 594 1995 643 16.
2038 595 2102 641 51

442 680 764 749 Megarae
802 678 860 748 (ἡ
889 677 1186 749 Μεγαρική
1227 680 1315 749 11)
1352 678 1573 749 Aegeus
1609 679 1778 733 natus
1819 684 1882 732 11
1922 694 2053 737 oves
2090 679 2467 747 pascebantur
2505 683 2571 731 70
2602 677 2729 732 adn.
2752 684 2783 731 2

550 767 917 838 (Megarensis
973 766 1126 837 κριός
1180 770 1239 823 et
1291 767 1411 831 υἱός
1466 767 1628 836 ibid.)
1677 799 1744 808 —
1794 784 2093 837 puerorum
2147 767 2563 822 educandorum
2616 783 2786 836 quam

551 858 832 911 finxerunt
867 857 1014 912 ratio
1050 856 1337 927 Megarica
1376 863 1442 911 ’10
1473 858 1599 913 adn.
1631 863 1662 910 2

443 946 944 1017 Megaricorum
979 946 1205 1001 virtutis
1245 946 1498 1001 definitio
1531 953 1597 1001 21
1630 948 1759 1002 adn.
1800 946 2078 1015 quomodo
2118 945 2349 1016 differat¹
2378 947 2451 1001 ab
2488 946 2785 999 Aristonea

554 1041 672 1091 105.
705 1041 824 1091 117.
855 1068 922 1077 —
951 1036 1202 1091 Euclidis
1242 1036 1310 1091 de
1347 1034 1754 1107 ἀντικειμένοις
1788 1040 1865 1110 τῷ
1902 1036 2105 1110 ἀγαθῷ
2144 1034 2358 1091 dictum
2389 1041 2454 1090 18
2493 1036 2563 1091 de
2590 1034 2786 1091 simili-

550 1124 844 1179 tudinibus
883 1132 949 1180 18
982 1126 1109 1181 adn.
1141 1133 1172 1179 2

444 1214 794 1285 Menippei
831 1214 975 1268 nihil
1009 1214 1160 1269 inest
1193 1214 1254 1268 in
1289 1214 1514 1269 Horatii
1552 1214 1742 1269 satiris
1782 1222 1847 1269 35
1878 1204 2007 1270 adn.

443 1304 841 1359 Metroclem
888 1304 1209 1359 consolatur
1255 1304 1447 1359 Crates
1485 1310 1516 1357 2
1565 1336 1632 1345 --
1680 1303 1835 1359 vitae
1882 1303 2122 1373 Cynicae
2170 1304 2485 1373 exemplum
2534 1311 2559 1357 7
2594 1304 2721 1359 adn.
2753 1311 2784 1357 3
2839 1341 2843 1353 .

444 1393 881 1463 Μισονμενος
917 1392 1212 1449 Menandri
1252 1400 1350 1447 113

446 1500 619 1537 mors
653 1482 952 1554 peregrina
989 1489 1057 1537 28
1088 1483 1216 1539 adn.
1250 1489 1278 1536 1
1318 1484 1516 1539 ultima
1555 1484 1703 1539 linea
1738 1500 1920 1538 rerum
1957 1482 2130 1537 etiam
2166 1481 2229 1536 in
2264 1480 2432 1536 exilio
2472 1487 2500 1535 7
2506 1488 2537 1535 5

443 1572 594 1642 quod
630 1574 990 1627 moventur
1025 1572 1216 1626 omnia
1254 1571 1627 1627 consolationi
1666 1588 1787 1627 esse
1821 1574 2012 1642 potest
2045 1570 2395 1626 hominibus
2407 1576 2504 1624 101

441 1661 671 1715 mundi
708 1661 876 1716 certis
912 1661 1134 1731 legibus
1175 1662 1486 1731 descriptus
1526 1661 1662 1716 ordo
1700 1666 1769 1716 96

443 1750 742 1805 Musonii
797 1748 992 1821 λόγοι
1046 1750 1325 1821 deperditi
1371 1758 1438 1806 36
1469 1751 1597 1807 adn.
1637 1782 1707 1791 —-
1754 1766 2033 1819 quaenam
2086 1749 2234 1805 ratio
2285 1696 2599 1805 intercedat
2643 1748 2790 1802 inter

548 1840 736 1910 ipsum
781 1840 1197 1911 discipulosque
1245 1843 1304 1895 et
1337 1840 1661 1896 Aristonem
1698 1848 1765 1895 36
1797 1841 1923 1896 adn.
1956 1846 2022 1896 77
2070 1839 2304 1895 Bionem
2341 1845 2425 1894 34.
2456 1846 2541 1894 36.
2572 1846 2639 1893 36
2660 1838 2789 1894 adn.

551 1935 618 1983 38
639 1929 828 1985 adn.1.
859 1936 945 1985 42.
967 1934 1052 1985 46.
1083 1935 1151 1983 68
1168 1947 1248 1998 sq.
1274 1936 1354 1985 77.
1379 1935 1464 1985 89.
1488 1935 1591 1984 100
1626 1930 1991 1985 Plutarchum
2020 1936 2088 1985 36
2109 1929 2237 1984 adn.
2279 1928 2589 1998 Stilponem
2619 1935 2685 1983 25
2706 1947 2788 1998 sq.

552 2052 616 2059 —-
638 2020 709 2073 de
726 2015 898 2074 rebus
923 2018 1228 2073 externis
1249 2018 1592 2089 accipiendis
1613 2018 1750 2089 quid
1772 2017 2051 2073 censuerit
2069 2026 2135 2073 ’72
2158 2036 2237 2088 sq.
2266 2018 2503 2073 virtutes
2525 2019 2790 2087 quattuor

552 2107 864 2163 Stoicorum
898 2110 1125 2178 praeter
1159 2109 1374 2163 ceteros
1409 2108 1616 2163 retinet
1651 2116 1719 2163 25
1742 2126 1823 2177 sq.
1882 2150 1885 2155 .

441 2195 1012 2253 narratiunculae
1051 2197 1256 2266 quibus
1291 2198 1598 2252 utebantur
1632 2196 1957 2268 philosophi
1994 2202 2060 2250 41

443 2290 756 2341 naturam
791 2302 978 2341 rerum
1013 2286 1332 2357 ubicunque
1369 2289 1646 2341 terrarum
1684 2287 1922 2342 eandem
1960 2304 2081 2341 esse
2117 2294 2186 2342 46

444 2376 746 2446 Oedipus
782 2375 1249 2449 πολυπράγμονος
1287 2378 1606 2448 exemplum
1644 2384 1745 2432 113
1778 2378 1905 2433 adn.
1937 2386 1967 2431 3

443 2466 650 2521 ὤνιον
687 2473 752 2521 89
783 2466 912 2521 adn.
943 2474 973 2519 2

443 2554 650 2611 Orion
685 2556 848 2626 parvi
884 2556 995 2611 loci
1029 2556 1220 2611 incola
1257 2563 1324 2612 86

443 2643 763 2699 Panaetii
799 2645 860 2699 in
896 2644 1100 2699 litteris
1140 2645 1447 2701 auctoritas
1486 2652 1553 2700 64

445 2733 513 2786 de
550 2735 896 2807 παρρησίᾳ
935 2733 1072 2802 quid
1110 2734 1389 2788 censuerit
1423 2734 1526 2789 Bio
1565 2741 1632 2790 38
1673 2734 1867 2804 Cynici
1904 2740 1971 2787 37

443 2824 816 2890 paupertas
862 2824 928 2875 ut
971 2821 1216 2891 corporis
1253 2822 1570 2877 valetudini
1613 2822 1963 2892 prospiciant
1997 2823 2251 2877 homines
2290 2826 2390 2877 aut
2423 2824 2654 2894 prodest
2690 2825 2791 2877 aut

550 2909 705 2979 cogit
739 2916 808 2964 90
847 2928 973 2965 cum
1011 2911 1178 2966 exilio
1218 2911 1518 2966 coniuncta
1556 2918 1620 2965 91
1662 2912 1737 2965 ad
1772 2912 2189 2982 philosophiam
2224 2912 2384 2967 utilis
2421 2918 2489 2966 89

345 2982 348 2987 ¹
442 2999 826 3069 Penelopae
861 3000 1052 3070 proci
1088 3000 1149 3053 in
1186 3000 1556 3055 similitudine
1597 3000 1937 3055 adhibentur
1974 3008 2041 3055 23
2072 3002 2200 3057 adn.
2233 3008 2261 3054 1

441 3088 800 3143 Persarum
835 3106 1036 3159 reges
1066 3089 1336 3166 Choaspis
1372 3092 1598 3145 tantum
1635 3107 1842 3159 aquam
1869 3089 2063 3145 bibere
2092 3098 2159 3145 44
2199 3089 2541 3146 domicilium
2572 3090 2789 3144 mutare

547 3184 632 3234 44.
673 3185 741 3232 93

442 3267 786 3322 Phaeaces
826 3274 892 3322 86
923 3268 1052 3323 adn.
1075 3276 1123 3323 2.
1166 3273 1267 3322 115
1297 3268 1426 3323 adn.

443 3353 784 3411 Phaedria
819 3356 1188 3412 Terentianus
1227 3364 1330 3412 113

443 3445 799 3500 Phaethon
835 3446 1161 3518 ἀφροσύνης
1197 3448 1514 3517 exemplum
1553 3454 1620 3501 ‘14

444 3533 639 3588 Philo
678 3534 956 3590 Ciceronis
993 3536 1054 3590 in
1091 3537 1253 3592 Tusc.
1295 3536 1436 3606 disp.
1477 3539 1673 3591 auctor
1709 3544 1777 3592 56
1808 3538 1936 3592 adn.

444 3622 894 3693 philosophia
937 3626 1074 3693 quid
1115 3626 1376 3697 proficiat
1411 3625 1731 3681 hominibus
1770 3627 2265 3697 apophthegmatis
2304 3628 2792 3697 comprehenditur

550 3717 616 3765 42
648 3712 776 3767 adn.

443 3800 812 3855 Phocionis
849 3805 1124 3874 καταδίκη
1164 3811 1231 3859 ’16
1261 3804 1390 3860 adn.

443 3888 862 3945 Phoenissae
909 3908 1052 3960 quae
1099 3891 1425 3947 inscribitur
1471 3892 1802 3964 tragoediae
1839 3894 2127 3965 Euripidis
2160 3912 2355 3949 versus
2394 3894 2617 3964 saepius
2656 3895 2787 3951 affe-

545 3981 744 4034 runtur
778 3986 847 4034 28
877 3980 1004 4036 adn.
1038 3988 1068 4035 2
1100 3982 1167 4037 ol.
1207 3989 1276 4037 ⁷0

441 4067 747 4123 Phoenix
783 4068 962 4124 exulis
1001 4071 1317 4140 exemplum
1353 4078 1400 4127 5.
1443 4077 1508 4126 81

440 4159 726 4227 plantae
763 4176 892 4213 cum
926 4158 1151 4214 homine
1189 4162 1533 4231 comparatio
1571 4168 1638 4216 95

442 4246 858 4302 Plutarchus
898 4250 1175 4316 quomodo
1215 4250 1683 4321 composuerit
1720 4251 1929 4321 scripta
1966 4258 2033 4307 36
2062 4253 2191 4307 adn.
2223 4260 2307 4308 39.
2337 4260 2421 4309 58.
2453 4259 2519 4307 63
2542 4253 2669 4309 adn.
2700 4260 2785 4310 83.

549 4342 616 4391 85
633 4355 714 4406 sq.
737 4344 821 4392 94.
855 4342 958 4391 110
1003 4340 1314 4409 exempla
1352 4340 1624 4394 historiae
1665 4340 1997 4410 deprompta
2032 4340 2231 4395 inserit
2265 4341 2573 4396 Moralibus
2611 4349 2679 4397 40
2718 4375 2785 4384 ——

550 4441 828 4492 quaenam
864 4427 1052 4481 ratio
1089 4427 1405 4482 intercedat
1430 4427 1578 4482 inter
1605 4427 1792 4497 ipsum
1820 4430 1879 4482 et
1906 4428 2225 4484 Aristonem
2252 4429 2452 4484 Chium
2481 4439 2548 4487 36
2562 4432 2690 4489 adn.
2720 4440 2788 4489 94

549 4512 781 4567 Bionem
818 4520 904 4571 36.
945 4521 1013 4569 36
1043 4515 1172 4571 adn.
1213 4523 1298 4572 39.
1337 4522 1406 4571 94
1442 4516 1765 4572 Musonium
1804 4524 1871 4572 36
1902 4518 2028 4574 adn.
2066 4518 2363 4574 Platonem
2398 4526 2467 4579 95
