<?xml version="1.0" encoding="UTF-8"?>
<!DOCTYPE html PUBLIC "-//W3C//DTD XHTML 1.0 Transitional//EN"
    "http://www.w3.org/TR/xhtml1/DTD/xhtml1-transitional.dtd">
<html xmlns="http://www.w3.org/1999/xhtml" xml:lang="en" lang="en">
 <head>
  <title>
</title>
<meta http-equiv="Content-Type" content="text/html;charset=utf-8" />
  <meta name='ocr-system' content='tesseract 3.04.00' />
  <meta name='ocr-capabilities' content='ocr_page ocr_carea ocr_par ocr_line ocrx_word'/>
</head>
<body>
  <div class='ocr_page' id='page_1' title='image "./dephilosophorum00giesgoog_0097.png"; bbox 0 0 3309 5167; ppageno 0'>
   <div class='ocr_carea' id='block_1_1' title="bbox 1405 386 1883 466">
    <p class='ocr_par' dir='ltr' id='par_1_1' title="bbox 1405 386 1883 466">
     <span class='ocr_line' id='line_1_1' title="bbox 1405 386 1883 466; baseline -0.002 -17"><span class='ocrx_word' id='word_1_1' title='bbox 1405 386 1883 466; x_wconf 48' lang='lat'>-87-‚</span> 
     </span>
    </p>
   </div>
   <div class='ocr_carea' id='block_1_2' title="bbox 435 542 2869 3523">
    <p class='ocr_par' dir='ltr' id='par_1_2' title="bbox 445 542 2793 1168">
     <span class='ocr_line' id='line_1_2' title="bbox 448 542 2793 629; baseline 0.001 -22"><span class='ocrx_word' id='word_1_2' title='bbox 448 543 518 609; x_wconf 87' lang='lat' dir='ltr'><strong><em>in</em></strong></span> <span class='ocrx_word' id='word_1_3' title='bbox 563 566 628 609; x_wconf 89' lang='grc' dir='ltr'><strong><em>π.</em></strong></span> <span class='ocrx_word' id='word_1_4' title='bbox 675 544 912 629; x_wconf 83' lang='grc' dir='ltr'><strong><em>εὐθυμ.</em></strong></span> <span class='ocrx_word' id='word_1_5' title='bbox 962 568 1010 609; x_wconf 84' lang='grc' dir='ltr'><strong><em>ο.</em></strong></span> <span class='ocrx_word' id='word_1_6' title='bbox 1047 546 1092 611; x_wconf 90' lang='lat'>4</span> <span class='ocrx_word' id='word_1_7' title='bbox 1137 544 1344 609; x_wconf 86' lang='lat' dir='ltr'><strong><em>redire</em></strong></span> <span class='ocrx_word' id='word_1_8' title='bbox 1388 542 1667 609; x_wconf 77' lang='lat' dir='ltr'><strong><em>vidimus</em></strong></span> <span class='ocrx_word' id='word_1_9' title='bbox 1720 582 1795 591; x_wconf 91' lang='lat'>—</span> <span class='ocrx_word' id='word_1_10' title='bbox 1847 543 1942 608; x_wconf 84' lang='lat' dir='ltr'><strong><em>ita</em></strong></span> <span class='ocrx_word' id='word_1_11' title='bbox 1984 544 2092 609; x_wconf 81' lang='lat' dir='ltr'><strong><em>hic</em></strong></span> <span class='ocrx_word' id='word_1_12' title='bbox 2136 543 2378 629; x_wconf 84' lang='lat' dir='ltr'>duplici</span> <span class='ocrx_word' id='word_1_13' title='bbox 2423 544 2681 609; x_wconf 82' lang='lat' dir='ltr'><strong><em>Tantali</em></strong></span> <span class='ocrx_word' id='word_1_14' title='bbox 2728 550 2793 609; x_wconf 87' lang='lat' dir='ltr'><strong><em>et</em></strong></span> 
     </span>
     <span class='ocr_line' id='line_1_3' title="bbox 446 650 2790 736; baseline 0 -20"><span class='ocrx_word' id='word_1_15' title='bbox 446 650 793 717; x_wconf 82' lang='lat' dir='ltr'><strong><em>Nausithoi</em></strong></span> <span class='ocrx_word' id='word_1_16' title='bbox 841 651 1130 736; x_wconf 86' lang='lat' dir='ltr'><strong><em>exemplo</em></strong></span> <span class='ocrx_word' id='word_1_17' title='bbox 1177 651 1347 717; x_wconf 89' lang='lat' dir='ltr'><strong><em>idem</em></strong></span> <span class='ocrx_word' id='word_1_18' title='bbox 1383 652 1877 717; x_wconf 81' lang='lat' dir='ltr'><strong><em>demonstratur.</em></strong></span> <span class='ocrx_word' id='word_1_19' title='bbox 1946 650 2247 717; x_wconf 83' lang='lat' dir='ltr'><strong><em>Ceterum</em></strong></span> <span class='ocrx_word' id='word_1_20' title='bbox 2290 651 2563 717; x_wconf 87' lang='lat' dir='ltr'><strong><em>eundem</em></strong></span> <span class='ocrx_word' id='word_1_21' title='bbox 2610 650 2790 717; x_wconf 84' lang='lat' dir='ltr'><strong><em>verbi</em></strong></span> 
     </span>
     <span class='ocr_line' id='line_1_4' title="bbox 446 755 2793 846; baseline 0 -23"><span class='ocrx_word' id='word_1_22' title='bbox 446 770 709 845; x_wconf 78' lang='grc' dir='ltr'><strong><em>μετρεῖν</em></strong></span> <span class='ocrx_word' id='word_1_23' title='bbox 746 781 936 823; x_wconf 82' lang='lat' dir='ltr'><strong><em>usum</em></strong></span> <span class='ocrx_word' id='word_1_24' title='bbox 963 759 1160 836; x_wconf 83' lang='lat' dir='ltr'><strong><em>habes</em></strong></span> <span class='ocrx_word' id='word_1_25' title='bbox 1198 757 1268 823; x_wconf 91' lang='lat' dir='ltr'><strong><em>in</em></strong></span> <span class='ocrx_word' id='word_1_26' title='bbox 1297 757 1521 823; x_wconf 90' lang='lat' dir='ltr'><strong><em>libello</em></strong></span> <span class='ocrx_word' id='word_1_27' title='bbox 1557 780 1622 824; x_wconf 90' lang='grc' dir='ltr'><strong><em>π.</em></strong></span> <span class='ocrx_word' id='word_1_28' title='bbox 1639 760 1839 843; x_wconf 82' lang='grc' dir='ltr'><strong><em>τύχης</em></strong></span> <span class='ocrx_word' id='word_1_29' title='bbox 1867 781 1914 823; x_wconf 84' lang='grc' dir='ltr'><strong><em>ο.</em></strong></span> <span class='ocrx_word' id='word_1_30' title='bbox 1937 761 2002 824; x_wconf 83' lang='grc'><strong><em>1;</em></strong></span> <span class='ocrx_word' id='word_1_31' title='bbox 2040 768 2119 845; x_wconf 78' lang='grc' dir='ltr'><strong><em>τῇ</em></strong></span> <span class='ocrx_word' id='word_1_32' title='bbox 2154 755 2388 846; x_wconf 88' lang='grc' dir='ltr'><strong><em>γαστρὶ</em></strong></span> <span class='ocrx_word' id='word_1_33' title='bbox 2416 767 2793 845; x_wconf 88' lang='grc' dir='ltr'><strong><em>μετροῦν-</em></strong></span> 
     </span>
     <span class='ocr_line' id='line_1_5' title="bbox 446 863 2791 957; baseline 0 -27"><span class='ocrx_word' id='word_1_34' title='bbox 446 889 574 943; x_wconf 92' lang='grc' dir='ltr'><strong><em>τες</em></strong></span> <span class='ocrx_word' id='word_1_35' title='bbox 609 863 718 931; x_wconf 82' lang='grc' dir='ltr'><strong><em>καὶ</em></strong></span> <span class='ocrx_word' id='word_1_36' title='bbox 747 878 888 943; x_wconf 89' lang='grc' dir='ltr'><strong><em>τοῖς</em></strong></span> <span class='ocrx_word' id='word_1_37' title='bbox 915 868 1277 951; x_wconf 81' lang='grc' dir='ltr'><strong><em>αἰσχίστοις</em></strong></span> <span class='ocrx_word' id='word_1_38' title='bbox 1311 866 1452 949; x_wconf 82' lang='grc' dir='ltr'><strong><em>τὴν</em></strong></span> <span class='ocrx_word' id='word_1_39' title='bbox 1481 864 2031 957; x_wconf 83' lang='grc' dir='ltr'><strong><em>εὐδαιμονίαν,</em></strong></span> <span class='ocrx_word' id='word_1_40' title='bbox 2068 870 2262 951; x_wconf 88' lang='lat' dir='ltr'><strong><em>atque</em></strong></span> <span class='ocrx_word' id='word_1_41' title='bbox 2290 888 2367 930; x_wconf 82' lang='lat' dir='ltr'><strong><em>ea</em></strong></span> <span class='ocrx_word' id='word_1_42' title='bbox 2394 887 2522 951; x_wconf 85' lang='lat' dir='ltr'><strong><em>qua</em></strong></span> <span class='ocrx_word' id='word_1_43' title='bbox 2547 864 2791 930; x_wconf 82' lang='lat' dir='ltr'><strong><em>Niobes</em></strong></span> 
     </span>
     <span class='ocr_line' id='line_1_6' title="bbox 445 971 2792 1059; baseline 0 -23"><span class='ocrx_word' id='word_1_44' title='bbox 445 971 844 1057; x_wconf 81' lang='lat' dir='ltr'><strong><em>Aeschyleae</em></strong></span> <span class='ocrx_word' id='word_1_45' title='bbox 889 996 1112 1039; x_wconf 84' lang='lat' dir='ltr'><strong><em>versus</em></strong></span> <span class='ocrx_word' id='word_1_46' title='bbox 1169 974 1526 1038; x_wconf 83' lang='lat' dir='ltr'><strong><em>afferuntur</em></strong></span> <span class='ocrx_word' id='word_1_47' title='bbox 1571 974 1782 1059; x_wconf 82' lang='lat' dir='ltr'><strong><em>figura</em></strong></span> <span class='ocrx_word' id='word_1_48' title='bbox 1826 972 2049 1038; x_wconf 82' lang='lat' dir='ltr'><strong><em>eadem</em></strong></span> <span class='ocrx_word' id='word_1_49' title='bbox 2094 978 2194 1039; x_wconf 86' lang='lat' dir='ltr'><strong><em>est</em></strong></span> <span class='ocrx_word' id='word_1_50' title='bbox 2240 996 2435 1057; x_wconf 81' lang='lat' dir='ltr'><strong><em>quam</em></strong></span> <span class='ocrx_word' id='word_1_51' title='bbox 2478 972 2677 1037; x_wconf 82' lang='lat' dir='ltr'><strong><em>habes</em></strong></span> <span class='ocrx_word' id='word_1_52' title='bbox 2724 971 2792 1037; x_wconf 88' lang='lat' dir='ltr'><strong><em>in</em></strong></span> 
     </span>
     <span class='ocr_line' id='line_1_7' title="bbox 445 1078 2621 1168; baseline -0.001 -21"><span class='ocrx_word' id='word_1_53' title='bbox 445 1102 510 1147; x_wconf 88' lang='grc' dir='ltr'><strong><em>π.</em></strong></span> <span class='ocrx_word' id='word_1_54' title='bbox 549 1080 784 1166; x_wconf 80' lang='grc' dir='ltr'><strong><em>εὐθυμ.</em></strong></span> <span class='ocrx_word' id='word_1_55' title='bbox 833 1103 882 1145; x_wconf 84' lang='grc' dir='ltr'><strong><em>ο.</em></strong></span> <span class='ocrx_word' id='word_1_56' title='bbox 923 1082 990 1147; x_wconf 87' lang='lat'><strong><em>3:</em></strong></span> <span class='ocrx_word' id='word_1_57' title='bbox 1038 1082 1280 1159; x_wconf 77' lang='grc' dir='ltr'><strong><em>ἱκανῶς</em></strong></span> <span class='ocrx_word' id='word_1_58' title='bbox 1326 1082 1361 1147; x_wconf 90' lang='grc' dir='ltr'>ὁ</span> <span class='ocrx_word' id='word_1_59' title='bbox 1407 1079 1811 1168; x_wconf 86' lang='grc' dir='ltr'><strong><em>Μένανδρος</em></strong></span> <span class='ocrx_word' id='word_1_60' title='bbox 1855 1082 2337 1166; x_wconf 82' lang='grc' dir='ltr'><strong><em>ὑπομιμνήσκει</em></strong></span> <span class='ocrx_word' id='word_1_61' title='bbox 2384 1078 2621 1163; x_wconf 86' lang='grc' dir='ltr'><strong><em>λέγων·</em></strong></span> 
     </span>
    </p>

    <p class='ocr_par' dir='ltr' id='par_1_3' title="bbox 446 1184 2793 1487">
     <span class='ocr_line' id='line_1_8' title="bbox 748 1184 2459 1273; baseline -0.001 -21"><span class='ocrx_word' id='word_1_62' title='bbox 748 1186 994 1273; x_wconf 76' lang='grc' dir='ltr'><strong><em>’Ώιμην</em></strong></span> <span class='ocrx_word' id='word_1_63' title='bbox 1041 1186 1167 1270; x_wconf 83' lang='grc' dir='ltr'><strong><em>ἐγὼ</em></strong></span> <span class='ocrx_word' id='word_1_64' title='bbox 1215 1191 1371 1266; x_wconf 84' lang='grc' dir='ltr'><strong><em>τοὺς</em></strong></span> <span class='ocrx_word' id='word_1_65' title='bbox 1415 1191 1807 1271; x_wconf 81' lang='grc' dir='ltr'><strong><em>πλουσίους,</em></strong></span> <span class='ocrx_word' id='word_1_66' title='bbox 1854 1184 1907 1254; x_wconf 83' lang='grc' dir='ltr'><em>ὦ</em></span> <span class='ocrx_word' id='word_1_67' title='bbox 1958 1190 2179 1253; x_wconf 90' lang='grc' dir='ltr'><strong><em>Φανία</em></strong></span> <span class='ocrx_word' id='word_1_68' title='bbox 2225 1210 2275 1252; x_wconf 87' lang='lat' dir='ltr'><strong><em>e.</em></strong></span> <span class='ocrx_word' id='word_1_69' title='bbox 2315 1210 2372 1273; x_wconf 88' lang='lat' dir='ltr'><strong><em>q.</em></strong></span> <span class='ocrx_word' id='word_1_70' title='bbox 2412 1209 2459 1251; x_wconf 84' lang='lat' dir='ltr'><strong><em>s.</em></strong></span> 
     </span>
     <span class='ocr_line' id='line_1_9' title="bbox 446 1288 2793 1381; baseline -0 -22"><span class='ocrx_word' id='word_1_71' title='bbox 446 1288 614 1359; x_wconf 80' lang='grc' dir='ltr'><strong><em>εἶτα</em></strong></span> <span class='ocrx_word' id='word_1_72' title='bbox 657 1296 1240 1381; x_wconf 81' lang='grc' dir='ltr'><strong><em>προσδιελθών,</em></strong></span> <span class='ocrx_word' id='word_1_73' title='bbox 1295 1296 1385 1373; x_wconf 79' lang='grc' dir='ltr'><strong><em>ὡς</em></strong></span> <span class='ocrx_word' id='word_1_74' title='bbox 1429 1293 1538 1360; x_wconf 81' lang='grc' dir='ltr'><strong><em>καὶ</em></strong></span> <span class='ocrx_word' id='word_1_75' title='bbox 1585 1298 1743 1373; x_wconf 86' lang='grc' dir='ltr'><strong><em>τοὺς</em></strong></span> <span class='ocrx_word' id='word_1_76' title='bbox 1785 1298 2151 1373; x_wconf 80' lang='grc' dir='ltr'><strong><em>πλουσίους</em></strong></span> <span class='ocrx_word' id='word_1_77' title='bbox 2196 1292 2370 1381; x_wconf 79' lang='grc' dir='ltr'><strong><em>ἑώρα</em></strong></span> <span class='ocrx_word' id='word_1_78' title='bbox 2424 1293 2629 1359; x_wconf 80' lang='grc' dir='ltr'><strong><em>ταύτὰ</em></strong></span> <span class='ocrx_word' id='word_1_79' title='bbox 2672 1293 2793 1359; x_wconf 79' lang='grc' dir='ltr'><strong><em>πά-</em></strong></span> 
     </span>
     <span class='ocr_line' id='line_1_10' title="bbox 447 1401 1256 1487; baseline 0.002 -21"><span class='ocrx_word' id='word_1_80' title='bbox 447 1417 726 1487; x_wconf 84' lang='grc' dir='ltr'><strong><em>σχοντας</em></strong></span> <span class='ocrx_word' id='word_1_81' title='bbox 767 1412 908 1479; x_wconf 89' lang='grc' dir='ltr'><strong><em>τοῖς</em></strong></span> <span class='ocrx_word' id='word_1_82' title='bbox 951 1401 1256 1487; x_wconf 83' lang='grc' dir='ltr'><strong><em>πένησιν·</em></strong></span> 
     </span>
    </p>

    <p class='ocr_par' dir='ltr' id='par_1_4' title="bbox 435 1505 2869 3523">
     <span class='ocr_line' id='line_1_11' title="bbox 754 1505 2311 1596; baseline -0.001 -22"><span class='ocrx_word' id='word_1_83' title='bbox 754 1505 891 1596; x_wconf 74' lang='grc' dir='ltr'><strong><em>Ἆρ’</em></strong></span> <span class='ocrx_word' id='word_1_84' title='bbox 943 1508 1087 1576; x_wconf 80' lang='grc' dir='ltr'><strong><em>ἐστί</em></strong></span> <span class='ocrx_word' id='word_1_85' title='bbox 1123 1548 1196 1559; x_wconf 91' lang='lat'>-</span> <span class='ocrx_word' id='word_1_86' title='bbox 1241 1512 1414 1595; x_wconf 85' lang='grc' dir='ltr'><strong><em>φησί</em></strong></span> <span class='ocrx_word' id='word_1_87' title='bbox 1451 1548 1526 1557; x_wconf 87' lang='lat'><strong><em>--</em></strong></span> <span class='ocrx_word' id='word_1_88' title='bbox 1569 1508 1889 1593; x_wconf 82' lang='grc' dir='ltr'><strong><em>συγγενές</em></strong></span> <span class='ocrx_word' id='word_1_89' title='bbox 1932 1533 1997 1575; x_wconf 92' lang='grc' dir='ltr'><strong><em>τι</em></strong></span> <span class='ocrx_word' id='word_1_90' title='bbox 2044 1530 2095 1573; x_wconf 86' lang='lat' dir='ltr'><strong><em>e.</em></strong></span> <span class='ocrx_word' id='word_1_91' title='bbox 2133 1532 2191 1594; x_wconf 87' lang='lat' dir='ltr'><strong><em>q.</em></strong></span> <span class='ocrx_word' id='word_1_92' title='bbox 2231 1531 2311 1593; x_wconf 77' lang='lat' dir='ltr'><strong><em>e.‚</em></strong></span> 
     </span>
     <span class='ocr_line' id='line_1_12' title="bbox 447 1615 2794 1703; baseline -0 -23"><span class='ocrx_word' id='word_1_93' title='bbox 447 1620 514 1681; x_wconf 87' lang='lat' dir='ltr'><strong><em>et</em></strong></span> <span class='ocrx_word' id='word_1_94' title='bbox 558 1615 628 1681; x_wconf 88' lang='lat' dir='ltr'><strong><em>in</em></strong></span> <span class='ocrx_word' id='word_1_95' title='bbox 661 1616 870 1701; x_wconf 84' lang='lat' dir='ltr'><strong><em>Epict.</em></strong></span> <span class='ocrx_word' id='word_1_96' title='bbox 903 1615 1051 1682; x_wconf 78' lang='lat' dir='ltr'><strong><em>dies.</em></strong></span> <span class='ocrx_word' id='word_1_97' title='bbox 1089 1617 1139 1702; x_wconf 84' lang='lat' dir='ltr'><strong><em>I,</em></strong></span> <span class='ocrx_word' id='word_1_98' title='bbox 1169 1619 1273 1702; x_wconf 80' lang='lat'><strong><em>24,</em></strong></span> <span class='ocrx_word' id='word_1_99' title='bbox 1308 1618 1406 1703; x_wconf 85' lang='lat'><strong><em>15,</em></strong></span> <span class='ocrx_word' id='word_1_100' title='bbox 1455 1617 1559 1682; x_wconf 81' lang='lat' dir='ltr'><strong><em>eui</em></strong></span> <span class='ocrx_word' id='word_1_101' title='bbox 1595 1618 1739 1683; x_wconf 80' lang='lat' dir='ltr'><strong><em>loeo</em></strong></span> <span class='ocrx_word' id='word_1_102' title='bbox 1785 1616 2015 1682; x_wconf 81' lang='lat' dir='ltr'><strong><em>similis</em></strong></span> <span class='ocrx_word' id='word_1_103' title='bbox 2054 1617 2279 1681; x_wconf 84' lang='lat' dir='ltr'><strong><em>subest</em></strong></span> <span class='ocrx_word' id='word_1_104' title='bbox 2326 1636 2551 1680; x_wconf 80' lang='lat' dir='ltr'><strong><em>sensus</em></strong></span> <span class='ocrx_word' id='word_1_105' title='bbox 2600 1619 2794 1701; x_wconf 85' lang='lat' dir='ltr'><strong><em>atque</em></strong></span> 
     </span>
     <span class='ocr_line' id='line_1_13' title="bbox 444 1720 2793 1808; baseline 0.001 -21"><span class='ocrx_word' id='word_1_106' title='bbox 444 1722 574 1788; x_wconf 79' lang='lat' dir='ltr'><strong><em>illis</em></strong></span> <span class='ocrx_word' id='word_1_107' title='bbox 613 1724 690 1788; x_wconf 85' lang='lat' dir='ltr'><strong><em>de</em></strong></span> <span class='ocrx_word' id='word_1_108' title='bbox 718 1723 1122 1789; x_wconf 81' lang='lat' dir='ltr'><strong><em>Phaethonte</em></strong></span> <span class='ocrx_word' id='word_1_109' title='bbox 1161 1728 1226 1790; x_wconf 87' lang='lat' dir='ltr'><strong><em>et</em></strong></span> <span class='ocrx_word' id='word_1_110' title='bbox 1253 1724 1528 1789; x_wconf 72' lang='lat' dir='ltr'><strong><em>Tantalo</em></strong></span> <span class='ocrx_word' id='word_1_111' title='bbox 1565 1746 1631 1789; x_wconf 86' lang='grc' dir='ltr'><strong><em>π.</em></strong></span> <span class='ocrx_word' id='word_1_112' title='bbox 1669 1747 1827 1808; x_wconf 86' lang='grc' dir='ltr'><strong><em>φυγ.</em></strong></span> <span class='ocrx_word' id='word_1_113' title='bbox 1857 1746 1906 1789; x_wconf 86' lang='grc' dir='ltr'><strong><em>ο.</em></strong></span> <span class='ocrx_word' id='word_1_114' title='bbox 1938 1725 2011 1787; x_wconf 82' lang='grc'><strong><em>17</em></strong></span> <span class='ocrx_word' id='word_1_115' title='bbox 2052 1722 2267 1787; x_wconf 80' lang='lat' dir='ltr'><strong><em>dietis:</em></strong></span> <span class='ocrx_word' id='word_1_116' title='bbox 2305 1720 2381 1787; x_wconf 82' lang='grc' dir='ltr'><strong><em>έν</em></strong></span> <span class='ocrx_word' id='word_1_117' title='bbox 2415 1734 2557 1801; x_wconf 88' lang='grc' dir='ltr'><strong><em>τοῖς</em></strong></span> <span class='ocrx_word' id='word_1_118' title='bbox 2591 1729 2793 1789; x_wconf 90' lang='grc' dir='ltr'><strong><em>πλου-</em></strong></span> 
     </span>
     <span class='ocr_line' id='line_1_14' title="bbox 447 1828 2793 1919; baseline 0 -25"><span class='ocrx_word' id='word_1_119' title='bbox 447 1832 618 1907; x_wconf 91' lang='grc' dir='ltr'><strong><em>σίοις</em></strong></span> <span class='ocrx_word' id='word_1_120' title='bbox 659 1828 770 1896; x_wconf 83' lang='grc' dir='ltr'><strong><em>καὶ</em></strong></span> <span class='ocrx_word' id='word_1_121' title='bbox 817 1834 1160 1915; x_wconf 86' lang='grc' dir='ltr'><strong><em>βασιλεῦσι</em></strong></span> <span class='ocrx_word' id='word_1_122' title='bbox 1206 1828 1315 1896; x_wconf 83' lang='grc' dir='ltr'><strong><em>καὶ</em></strong></span> <span class='ocrx_word' id='word_1_123' title='bbox 1357 1830 1714 1917; x_wconf 75' lang='grc' dir='ltr'><strong><em>τυράννοις</em></strong></span> <span class='ocrx_word' id='word_1_124' title='bbox 1750 1832 1825 1895; x_wconf 82' lang='grc' dir='ltr'><strong><em>αί</em></strong></span> <span class='ocrx_word' id='word_1_125' title='bbox 1858 1830 2221 1919; x_wconf 75' lang='grc' dir='ltr'><strong><em>τραγῳδίαι</em></strong></span> <span class='ocrx_word' id='word_1_126' title='bbox 2258 1831 2464 1895; x_wconf 83' lang='grc' dir='ltr'><strong><em>τόπον</em></strong></span> <span class='ocrx_word' id='word_1_127' title='bbox 2501 1832 2793 1915; x_wconf 83' lang='grc' dir='ltr'><strong><em>ἔχουσιν·</em></strong></span> 
     </span>
     <span class='ocr_line' id='line_1_15' title="bbox 445 1930 2869 2027; baseline 0.001 -25"><span class='ocrx_word' id='word_1_128' title='bbox 445 1934 665 2014; x_wconf 81' lang='grc' dir='ltr'><strong><em>οὐδεὶς</em></strong></span> <span class='ocrx_word' id='word_1_129' title='bbox 709 1933 784 2003; x_wconf 75' lang='grc' dir='ltr'><strong><em>δὲ</em></strong></span> <span class='ocrx_word' id='word_1_130' title='bbox 827 1935 1032 2021; x_wconf 81' lang='grc' dir='ltr'><strong><em>πένης</em></strong></span> <span class='ocrx_word' id='word_1_131' title='bbox 1075 1939 1453 2027; x_wconf 76' lang='grc' dir='ltr'><strong><em>τραγῳδίαν</em></strong></span> <span class='ocrx_word' id='word_1_132' title='bbox 1501 1943 1879 2024; x_wconf 71' lang='grc' dir='ltr'><strong><em>συμπληροῖ</em></strong></span> <span class='ocrx_word' id='word_1_133' title='bbox 1916 1940 1977 2001; x_wconf 82' lang='grc' dir='ltr'><strong><em>εἰ</em></strong></span> <span class='ocrx_word' id='word_1_134' title='bbox 2012 1937 2101 2021; x_wconf 81' lang='grc' dir='ltr'><strong><em>μὴ</em></strong></span> <span class='ocrx_word' id='word_1_135' title='bbox 2140 1937 2230 2013; x_wconf 84' lang='grc' dir='ltr'><strong><em>ὡς</em></strong></span> <span class='ocrx_word' id='word_1_136' title='bbox 2264 1930 2661 2023; x_wconf 69' lang='grc' dir='ltr'><strong><em>χορευτής.1)</em></strong></span> <span class='ocrx_word' id='word_1_137' title='bbox 2729 1939 2799 2002; x_wconf 76' lang='grc' dir='ltr'><strong><em>οἰ</em></strong></span> <span class='ocrx_word' id='word_1_138' title='bbox 2856 1990 2869 2005; x_wconf 93' lang='grc'><strong>.</strong></span> 
     </span>
     <span class='ocr_line' id='line_1_16' title="bbox 444 2040 2792 2132; baseline 0 -23"><span class='ocrx_word' id='word_1_139' title='bbox 444 2040 520 2109; x_wconf 75' lang='grc' dir='ltr'><strong><em>δὲ</em></strong></span> <span class='ocrx_word' id='word_1_140' title='bbox 562 2048 860 2129; x_wconf 74' lang='grc' dir='ltr'><strong><em>βασιλεῖς</em></strong></span> <span class='ocrx_word' id='word_1_141' title='bbox 903 2046 1281 2132; x_wconf 79' lang='grc' dir='ltr'><strong><em>ἄρχονται</em></strong></span> <span class='ocrx_word' id='word_1_142' title='bbox 1325 2041 1466 2129; x_wconf 77' lang='grc' dir='ltr'><strong><em>μὲν</em></strong></span> <span class='ocrx_word' id='word_1_143' title='bbox 1512 2042 1632 2109; x_wconf 82' lang='grc' dir='ltr'><strong><em>ἀπ’</em></strong></span> <span class='ocrx_word' id='word_1_144' title='bbox 1684 2044 2032 2127; x_wconf 80' lang='grc' dir='ltr'><strong><em>ἀγαθῶν·</em></strong></span> <span class='ocrx_word' id='word_1_145' title='bbox 2094 2041 2437 2128; x_wconf 51' lang='lat' dir='ltr'><strong><em>„Extexam</em></strong></span> <span class='ocrx_word' id='word_1_146' title='bbox 2485 2045 2792 2130; x_wconf 78' lang='grc' dir='ltr'><strong><em>δώματα“</em></strong></span> 
     </span>
     <span class='ocr_line' id='line_1_17' title="bbox 443 2146 2787 2240; baseline -0.001 -23"><span class='ocrx_word' id='word_1_147' title='bbox 443 2146 608 2217; x_wconf 82' lang='grc' dir='ltr'><strong><em>εἶτα</em></strong></span> <span class='ocrx_word' id='word_1_148' title='bbox 651 2150 834 2240; x_wconf 82' lang='grc' dir='ltr'><strong><em>περὶ</em></strong></span> <span class='ocrx_word' id='word_1_149' title='bbox 881 2155 1152 2240; x_wconf 86' lang='grc' dir='ltr'><strong><em>τρίτον</em></strong></span> <span class='ocrx_word' id='word_1_150' title='bbox 1195 2151 1236 2236; x_wconf 70' lang='grc' dir='ltr'><strong><em>’ἢ</em></strong></span> <span class='ocrx_word' id='word_1_151' title='bbox 1283 2150 1661 2238; x_wconf 85' lang='grc' dir='ltr'><strong><em>τέταρτον</em></strong></span> <span class='ocrx_word' id='word_1_152' title='bbox 1707 2150 1963 2239; x_wconf 85' lang='grc' dir='ltr'><strong><em>μέρος·</em></strong></span> <span class='ocrx_word' id='word_1_153' title='bbox 2011 2149 2149 2235; x_wconf 80' lang='grc' dir='ltr'><em>,,Ἰὼ</em></span> <span class='ocrx_word' id='word_1_154' title='bbox 2186 2152 2564 2237; x_wconf 78' lang='grc' dir='ltr'><strong><em>Κιθαιρών,</em></strong></span> <span class='ocrx_word' id='word_1_155' title='bbox 2607 2154 2678 2216; x_wconf 93' lang='grc' dir='ltr'><strong><em>τί</em></strong></span> <span class='ocrx_word' id='word_1_156' title='bbox 2718 2148 2787 2235; x_wconf 92' lang='grc' dir='ltr'><strong><em>μ’</em></strong></span> 
     </span>
     <span class='ocr_line' id='line_1_18' title="bbox 447 2256 2793 2347; baseline -0 -23"><span class='ocrx_word' id='word_1_157' title='bbox 447 2258 731 2344; x_wconf 61' lang='grc' dir='ltr'><strong><em>«ἐδέχουις</em></strong></span> <span class='ocrx_word' id='word_1_158' title='bbox 777 2258 1004 2347; x_wconf 84' lang='lat' dir='ltr'><strong><em>(Soph.</em></strong></span> <span class='ocrx_word' id='word_1_159' title='bbox 1054 2258 1205 2324; x_wconf 85' lang='lat' dir='ltr'><strong><em>Oed.</em></strong></span> <span class='ocrx_word' id='word_1_160' title='bbox 1253 2260 1398 2345; x_wconf 85' lang='lat' dir='ltr'><strong>Tyr.</strong></span> <span class='ocrx_word' id='word_1_161' title='bbox 1453 2256 1683 2345; x_wconf 84' lang='lat'><strong>1391),</strong></span> <span class='ocrx_word' id='word_1_162' title='bbox 1738 2263 1813 2323; x_wconf 89' lang='lat' dir='ltr'><strong><em>ut</em></strong></span> <span class='ocrx_word' id='word_1_163' title='bbox 1857 2259 2078 2323; x_wconf 85' lang='lat' dir='ltr'><strong><em>eadem</em></strong></span> <span class='ocrx_word' id='word_1_164' title='bbox 2132 2258 2295 2324; x_wconf 86' lang='lat' dir='ltr'><strong><em>latet</em></strong></span> <span class='ocrx_word' id='word_1_165' title='bbox 2339 2258 2409 2323; x_wconf 84' lang='lat' dir='ltr'><strong><em>in</em></strong></span> <span class='ocrx_word' id='word_1_166' title='bbox 2452 2258 2574 2341; x_wconf 74' lang='lat' dir='ltr'><strong><em>eie,</em></strong></span> <span class='ocrx_word' id='word_1_167' title='bbox 2630 2280 2793 2343; x_wconf 85' lang='lat' dir='ltr'><strong><em>quae</em></strong></span> 
     </span>
     <span class='ocr_line' id='line_1_19' title="bbox 445 2364 2792 2451; baseline -0.001 -20"><span class='ocrx_word' id='word_1_168' title='bbox 445 2364 684 2431; x_wconf 82' lang='lat' dir='ltr'><strong><em>Seneca</em></strong></span> <span class='ocrx_word' id='word_1_169' title='bbox 709 2389 802 2450; x_wconf 86' lang='lat' dir='ltr'><strong><em>ep.</em></strong></span> <span class='ocrx_word' id='word_1_170' title='bbox 822 2366 966 2451; x_wconf 84' lang='lat'>115,</span> <span class='ocrx_word' id='word_1_171' title='bbox 986 2366 1064 2431; x_wconf 85' lang='lat'><strong><em>14</em></strong></span> <span class='ocrx_word' id='word_1_172' title='bbox 1075 2388 1168 2451; x_wconf 83' lang='lat' dir='ltr'><strong><em>sq.</em></strong></span> <span class='ocrx_word' id='word_1_173' title='bbox 1198 2366 1276 2430; x_wconf 87' lang='lat' dir='ltr'><strong><em>de</em></strong></span> <span class='ocrx_word' id='word_1_174' title='bbox 1302 2366 1803 2451; x_wconf 72' lang='lat' dir='ltr'>Bellerophonte</span> <span class='ocrx_word' id='word_1_175' title='bbox 1822 2364 2177 2449; x_wconf 84' lang='lat' dir='ltr'><strong><em>Euripideo</em></strong></span> <span class='ocrx_word' id='word_1_176' title='bbox 2205 2369 2442 2430; x_wconf 78' lang='lat' dir='ltr'><strong><em>narrat.</em></strong></span> <span class='ocrx_word' id='word_1_177' title='bbox 2491 2364 2615 2442; x_wconf 83' lang='lat' dir='ltr'><strong><em>Qui</em></strong></span> <span class='ocrx_word' id='word_1_178' title='bbox 2646 2388 2792 2430; x_wconf 84' lang='lat' dir='ltr'><strong><em>eum</em></strong></span> 
     </span>
     <span class='ocr_line' id='line_1_20' title="bbox 441 2471 2793 2559; baseline -0 -21"><span class='ocrx_word' id='word_1_179' title='bbox 441 2496 664 2539; x_wconf 80' lang='lat' dir='ltr'><strong><em>versus</em></strong></span> <span class='ocrx_word' id='word_1_180' title='bbox 716 2472 1053 2557; x_wconf 82' lang='lat' dir='ltr'><strong><em>pecuniam</em></strong></span> <span class='ocrx_word' id='word_1_181' title='bbox 1099 2496 1292 2559; x_wconf 80' lang='lat' dir='ltr'><strong><em>super</em></strong></span> <span class='ocrx_word' id='word_1_182' title='bbox 1339 2473 1554 2539; x_wconf 84' lang='lat' dir='ltr'><strong><em>omm&#39;a</em></strong></span> <span class='ocrx_word' id='word_1_183' title='bbox 1609 2473 1947 2538; x_wconf 82' lang='lat' dir='ltr'><strong><em>efferentes</em></strong></span> <span class='ocrx_word' id='word_1_184' title='bbox 2002 2471 2580 2557; x_wconf 78' lang='lat' dir='ltr'><strong><em>pronuntiavisset,</em></strong></span> <span class='ocrx_word' id='word_1_185' title='bbox 2636 2478 2793 2537; x_wconf 79' lang='lat' dir='ltr'><strong><em>totus</em></strong></span> 
     </span>
     <span class='ocr_line' id='line_1_21' title="bbox 435 2576 2791 2663; baseline -0.001 -17"><span class='ocrx_word' id='word_1_186' title='bbox 435 2582 702 2663; x_wconf 75' lang='lat' dir='ltr'><strong><em>populus</em></strong></span> <span class='ocrx_word' id='word_1_187' title='bbox 737 2582 823 2646; x_wconf 87' lang='lat' dir='ltr'><strong><em>ad</em></strong></span> <span class='ocrx_word' id='word_1_188' title='bbox 853 2581 1192 2647; x_wconf 75' lang='lat' dir='ltr'><strong><em>eiciendum</em></strong></span> <span class='ocrx_word' id='word_1_189' title='bbox 1227 2586 1284 2645; x_wconf 87' lang='lat' dir='ltr'><strong><em>et</em></strong></span> <span class='ocrx_word' id='word_1_190' title='bbox 1317 2586 1581 2647; x_wconf 82' lang='lat' dir='ltr'><strong><em>actorem</em></strong></span> <span class='ocrx_word' id='word_1_191' title='bbox 1617 2586 1677 2645; x_wconf 90' lang='lat' dir='ltr'><strong><em>et</em></strong></span> <span class='ocrx_word' id='word_1_192' title='bbox 1699 2600 1947 2647; x_wconf 77' lang='lat' dir='ltr'><strong><em>carmen</em></strong></span> <span class='ocrx_word' id='word_1_193' title='bbox 1973 2576 2362 2645; x_wconf 74' lang='lat' dir='ltr'><strong><em>consurrexit</em></strong></span> <span class='ocrx_word' id='word_1_194' title='bbox 2384 2600 2517 2645; x_wconf 78' lang='lat' dir='ltr'><strong><em>uno</em></strong></span> <span class='ocrx_word' id='word_1_195' title='bbox 2546 2580 2791 2661; x_wconf 76' lang='lat' dir='ltr'><strong><em>impetu,</em></strong></span> 
     </span>
     <span class='ocr_line' id='line_1_22' title="bbox 441 2688 2795 2771; baseline -0 -19"><span class='ocrx_word' id='word_1_196' title='bbox 441 2690 626 2753; x_wconf 81' lang='lat' dir='ltr'><strong><em>donee</em></strong></span> <span class='ocrx_word' id='word_1_197' title='bbox 659 2688 998 2771; x_wconf 75' lang='lat' dir='ltr'><strong><em>Euripides</em></strong></span> <span class='ocrx_word' id='word_1_198' title='bbox 1033 2689 1103 2753; x_wconf 80' lang='lat' dir='ltr'><strong><em>in</em></strong></span> <span class='ocrx_word' id='word_1_199' title='bbox 1139 2688 1408 2753; x_wconf 77' lang='lat' dir='ltr'><strong><em>medium</em></strong></span> <span class='ocrx_word' id='word_1_200' title='bbox 1444 2690 1574 2771; x_wconf 71' lang='lat' dir='ltr'><strong><em>ipSe</em></strong></span> <span class='ocrx_word' id='word_1_201' title='bbox 1605 2688 1927 2771; x_wconf 72' lang='lat' dir='ltr'><strong><em>prosilivit</em></strong></span> <span class='ocrx_word' id='word_1_202' title='bbox 1956 2690 2184 2771; x_wconf 68' lang='lat' dir='ltr'><strong><em>peteme,</em></strong></span> <span class='ocrx_word' id='word_1_203' title='bbox 2221 2692 2292 2752; x_wconf 79' lang='lat' dir='ltr'><strong><em>ut</em></strong></span> <span class='ocrx_word' id='word_1_204' title='bbox 2324 2690 2795 2768; x_wconf 75' lang='lat' dir='ltr'><strong><em>expectarent</em></strong></span> 
     </span>
     <span class='ocr_line' id='line_1_23' title="bbox 443 2792 2793 2877; baseline -0.001 -18"><span class='ocrx_word' id='word_1_205' title='bbox 443 2794 935 2876; x_wconf 78' lang='lat' dir='ltr'><strong><em>viderentque,</em></strong></span> <span class='ocrx_word' id='word_1_206' title='bbox 971 2815 1176 2877; x_wconf 76' lang='lat' dir='ltr'><strong><em>quem</em></strong></span> <span class='ocrx_word' id='word_1_207' title='bbox 1212 2795 1632 2860; x_wconf 82' lang='lat' dir='ltr'><strong><em>admirator</em></strong></span> <span class='ocrx_word' id='word_1_208' title='bbox 1668 2795 1839 2860; x_wconf 78' lang='lat' dir='ltr'><strong><em>auri</em></strong></span> <span class='ocrx_word' id='word_1_209' title='bbox 1864 2797 2139 2859; x_wconf 67' lang='lat' dir='ltr'><strong><em>emitum</em></strong></span> <span class='ocrx_word' id='word_1_210' title='bbox 2162 2793 2476 2874; x_wconf 81' lang='lat' dir='ltr'><strong><em>faceret:</em></strong></span> <span class='ocrx_word' id='word_1_211' title='bbox 2511 2792 2700 2857; x_wconf 86' lang='lat' dir='ltr'><strong><em>dabat</em></strong></span> <span class='ocrx_word' id='word_1_212' title='bbox 2722 2794 2793 2857; x_wconf 79' lang='lat' dir='ltr'><strong><em>in</em></strong></span> 
     </span>
     <span class='ocr_line' id='line_1_24' title="bbox 441 2898 2789 2984; baseline -0 -19"><span class='ocrx_word' id='word_1_213' title='bbox 441 2900 556 2965; x_wconf 80' lang='lat' dir='ltr'><strong><em>illa</em></strong></span> <span class='ocrx_word' id='word_1_214' title='bbox 589 2900 812 2981; x_wconf 78' lang='lat' dir='ltr'><strong><em>fabula</em></strong></span> <span class='ocrx_word' id='word_1_215' title='bbox 834 2921 1070 2983; x_wconf 77' lang='lat' dir='ltr'><strong><em>poenas</em></strong></span> <span class='ocrx_word' id='word_1_216' title='bbox 1106 2898 1604 2983; x_wconf 77' lang='lat' dir='ltr'><strong><em>Bellerophontes</em></strong></span> <span class='ocrx_word' id='word_1_217' title='bbox 1639 2923 1795 2984; x_wconf 76' lang='lat' dir='ltr'><strong><em>quas</em></strong></span> <span class='ocrx_word' id='word_1_218' title='bbox 1832 2902 1911 2967; x_wconf 78' lang='lat' dir='ltr'><strong><em>in</em></strong></span> <span class='ocrx_word' id='word_1_219' title='bbox 1944 2922 2081 2967; x_wconf 80' lang='lat' dir='ltr'><strong><em>sua</em></strong></span> <span class='ocrx_word' id='word_1_220' title='bbox 2117 2901 2427 2983; x_wconf 78' lang='lat' dir='ltr'><strong><em>quisque</em></strong></span> <span class='ocrx_word' id='word_1_221' title='bbox 2460 2900 2582 2963; x_wconf 86' lang='lat' dir='ltr'><strong><em>dat.</em></strong></span> <span class='ocrx_word' id='word_1_222' title='bbox 2657 2898 2789 2965; x_wconf 88' lang='lat' dir='ltr'><strong><em>Ubi</em></strong></span> 
     </span>
     <span class='ocr_line' id='line_1_25' title="bbox 442 3005 2792 3094; baseline 0 -23"><span class='ocrx_word' id='word_1_223' title='bbox 442 3006 882 3072; x_wconf 84' lang='lat' dir='ltr'><strong><em>adnotandum</em></strong></span> <span class='ocrx_word' id='word_1_224' title='bbox 918 3006 1194 3071; x_wconf 81' lang='lat' dir='ltr'><strong><em>fortasse</em></strong></span> <span class='ocrx_word' id='word_1_225' title='bbox 1231 3011 1348 3092; x_wconf 79' lang='lat' dir='ltr'><strong><em>est,</em></strong></span> <span class='ocrx_word' id='word_1_226' title='bbox 1387 3011 1453 3072; x_wconf 85' lang='lat' dir='ltr'><strong><em>et</em></strong></span> <span class='ocrx_word' id='word_1_227' title='bbox 1490 3006 1738 3073; x_wconf 85' lang='lat' dir='ltr'><strong><em>laudari</em></strong></span> <span class='ocrx_word' id='word_1_228' title='bbox 1764 3006 2213 3094; x_wconf 80' lang='lat' dir='ltr'><strong><em>Aristonem</em></strong></span> <span class='ocrx_word' id='word_1_229' title='bbox 2249 3006 2318 3071; x_wconf 88' lang='lat' dir='ltr'><strong><em>in</em></strong></span> <span class='ocrx_word' id='word_1_230' title='bbox 2352 3005 2476 3071; x_wconf 83' lang='lat' dir='ltr'><strong><em>hae</em></strong></span> <span class='ocrx_word' id='word_1_231' title='bbox 2512 3006 2792 3091; x_wconf 73' lang='lat' dir='ltr'><strong><em>epistula</em></strong></span> 
     </span>
     <span class='ocr_line' id='line_1_26' title="bbox 441 3111 2789 3201; baseline 0 -21"><span class='ocrx_word' id='word_1_232' title='bbox 441 3112 510 3198; x_wconf 70' lang='grc' dir='ltr'><strong><em>(ἓ</em></strong></span> <span class='ocrx_word' id='word_1_233' title='bbox 557 3111 655 3200; x_wconf 86' lang='lat'><strong><em>8),</em></strong></span> <span class='ocrx_word' id='word_1_234' title='bbox 711 3117 777 3178; x_wconf 88' lang='lat' dir='ltr'><strong><em>et</em></strong></span> <span class='ocrx_word' id='word_1_235' title='bbox 829 3114 1082 3199; x_wconf 81' lang='lat' dir='ltr'><strong><em>reliqua</em></strong></span> <span class='ocrx_word' id='word_1_236' title='bbox 1133 3113 1308 3179; x_wconf 85' lang='lat' dir='ltr'><strong><em>illius</em></strong></span> <span class='ocrx_word' id='word_1_237' title='bbox 1365 3114 1685 3180; x_wconf 83' lang='lat' dir='ltr'><strong><em>rationem</em></strong></span> <span class='ocrx_word' id='word_1_238' title='bbox 1740 3113 1921 3200; x_wconf 83' lang='lat' dir='ltr'><strong><em>sequi</em></strong></span> <span class='ocrx_word' id='word_1_239' title='bbox 1970 3114 2175 3179; x_wconf 87' lang='lat' dir='ltr'><strong><em>videri</em></strong></span> <span class='ocrx_word' id='word_1_240' title='bbox 2222 3111 2330 3201; x_wconf 84' lang='lat' dir='ltr'><strong>(cf.</strong></span> <span class='ocrx_word' id='word_1_241' title='bbox 2369 3114 2613 3180; x_wconf 87' lang='lat' dir='ltr'><strong><em>Heinze</em></strong></span> <span class='ocrx_word' id='word_1_242' title='bbox 2658 3115 2699 3180; x_wconf 87' lang='lat' dir='ltr'><strong><em>l.</em></strong></span> <span class='ocrx_word' id='word_1_243' title='bbox 2739 3138 2789 3181; x_wconf 87' lang='grc' dir='ltr'><strong><em>ο.</em></strong></span> 
     </span>
     <span class='ocr_line' id='line_1_27' title="bbox 439 3218 2787 3309; baseline 0 -24"><span class='ocrx_word' id='word_1_244' title='bbox 439 3244 497 3305; x_wconf 87' lang='lat' dir='ltr'><strong><em>p.</em></strong></span> <span class='ocrx_word' id='word_1_245' title='bbox 540 3218 719 3309; x_wconf 80' lang='lat'>520).</span> <span class='ocrx_word' id='word_1_246' title='bbox 811 3221 1115 3287; x_wconf 73' lang='lat' dir='ltr'><strong><em>Fortasse</em></strong></span> <span class='ocrx_word' id='word_1_247' title='bbox 1172 3220 1369 3286; x_wconf 86' lang='lat' dir='ltr'><strong><em>etiam</em></strong></span> <span class='ocrx_word' id='word_1_248' title='bbox 1414 3223 1707 3306; x_wconf 80' lang='lat' dir='ltr'><strong><em>exempla</em></strong></span> <span class='ocrx_word' id='word_1_249' title='bbox 1751 3233 1887 3287; x_wconf 89' lang='grc' dir='ltr'><strong><em>τῶν</em></strong></span> <span class='ocrx_word' id='word_1_250' title='bbox 1934 3221 2278 3307; x_wconf 78' lang='grc' dir='ltr'><strong><em>ἐπιφανῶν</em></strong></span> <span class='ocrx_word' id='word_1_251' title='bbox 2324 3220 2622 3307; x_wconf 77' lang='grc' dir='ltr'><strong><em>ἀνδρῶν,</em></strong></span> <span class='ocrx_word' id='word_1_252' title='bbox 2678 3222 2787 3307; x_wconf 88' lang='lat' dir='ltr'><strong><em>qui</em></strong></span> 
     </span>
     <span class='ocr_line' id='line_1_28' title="bbox 441 3327 2788 3415; baseline 0 -22"><span class='ocrx_word' id='word_1_253' title='bbox 441 3327 718 3393; x_wconf 77' lang='lat' dir='ltr'><strong><em>insulam</em></strong></span> <span class='ocrx_word' id='word_1_254' title='bbox 772 3327 1238 3415; x_wconf 82' lang='lat' dir='ltr'><strong><em>habitaverint,</em></strong></span> <span class='ocrx_word' id='word_1_255' title='bbox 1293 3329 1374 3393; x_wconf 85' lang='lat' dir='ltr'><strong><em>ad</em></strong></span> <span class='ocrx_word' id='word_1_256' title='bbox 1430 3328 1616 3394; x_wconf 87' lang='lat' dir='ltr'><strong><em>illum</em></strong></span> <span class='ocrx_word' id='word_1_257' title='bbox 1674 3328 1923 3393; x_wconf 85' lang='lat' dir='ltr'><strong><em>fontem</em></strong></span> <span class='ocrx_word' id='word_1_258' title='bbox 1968 3332 2139 3392; x_wconf 84' lang='lat' dir='ltr'><strong><em>reete</em></strong></span> <span class='ocrx_word' id='word_1_259' title='bbox 2186 3328 2535 3393; x_wconf 82' lang='lat' dir='ltr'><strong><em>referemus</em></strong></span> <span class='ocrx_word' id='word_1_260' title='bbox 2583 3351 2788 3394; x_wconf 83' lang='lat' dir='ltr'><strong><em>reeor-</em></strong></span> 
     </span>
     <span class='ocr_line' id='line_1_29' title="bbox 444 3432 2788 3523; baseline 0.002 -24"><span class='ocrx_word' id='word_1_261' title='bbox 444 3436 666 3501; x_wconf 84' lang='lat' dir='ltr'><strong><em>dantes</em></strong></span> <span class='ocrx_word' id='word_1_262' title='bbox 735 3459 984 3522; x_wconf 85' lang='lat' dir='ltr'><strong><em>eorum,</em></strong></span> <span class='ocrx_word' id='word_1_263' title='bbox 1059 3458 1223 3521; x_wconf 84' lang='lat' dir='ltr'><strong><em>quae</em></strong></span> <span class='ocrx_word' id='word_1_264' title='bbox 1297 3459 1494 3523; x_wconf 79' lang='lat' dir='ltr'><strong><em>supra</em></strong></span> <span class='ocrx_word' id='word_1_265' title='bbox 1556 3437 1633 3501; x_wconf 90' lang='lat' dir='ltr'><strong><em>de</em></strong></span> <span class='ocrx_word' id='word_1_266' title='bbox 1709 3433 2001 3513; x_wconf 78' lang='grc' dir='ltr'><strong><em>ἐνδόξοις</em></strong></span> <span class='ocrx_word' id='word_1_267' title='bbox 2056 3432 2144 3521; x_wconf 88' lang='lat' dir='ltr'><strong><em>(p.</em></strong></span> <span class='ocrx_word' id='word_1_268' title='bbox 2193 3434 2307 3519; x_wconf 87' lang='grc'><strong><em>51)</em></strong></span> <span class='ocrx_word' id='word_1_269' title='bbox 2378 3435 2656 3502; x_wconf 82' lang='lat' dir='ltr'><strong><em>diximus</em></strong></span> <span class='ocrx_word' id='word_1_270' title='bbox 2722 3442 2788 3503; x_wconf 89' lang='lat' dir='ltr'><strong><em>et</em></strong></span> 
     </span>
    </p>
   </div>
   <div class='ocr_carea' id='block_1_3' title="bbox 659 3564 868 3571">
    <p class='ocr_par' dir='ltr' id='par_1_5' title="bbox 659 3564 868 3571">
     <span class='ocr_line' id='line_1_30' title="bbox 659 3564 868 3571; baseline 0 1596"><span class='ocrx_word' id='word_1_271' title='bbox 659 3564 868 3571; x_wconf 95' lang='lat' dir='ltr'><strong><em> </em></strong></span> 
     </span>
    </p>
   </div>
   <div class='ocr_carea' id='block_1_4' title="bbox 433 3627 2893 4592">
    <p class='ocr_par' dir='ltr' id='par_1_6' title="bbox 433 3627 2893 4592">
     <span class='ocr_line' id='line_1_31' title="bbox 584 3627 2787 3699; baseline 0.001 -16"><span class='ocrx_word' id='word_1_272' title='bbox 584 3631 636 3699; x_wconf 93' lang='lat'><strong><em>1)</em></strong></span> <span class='ocrx_word' id='word_1_273' title='bbox 675 3629 754 3684; x_wconf 81' lang='lat' dir='ltr'><strong><em>Of.</em></strong></span> <span class='ocrx_word' id='word_1_274' title='bbox 795 3629 952 3685; x_wconf 81' lang='lat' dir='ltr'><strong><em>diss,</em></strong></span> <span class='ocrx_word' id='word_1_275' title='bbox 990 3631 1033 3699; x_wconf 90' lang='lat' dir='ltr'><strong><em>I,</em></strong></span> <span class='ocrx_word' id='word_1_276' title='bbox 1063 3634 1114 3699; x_wconf 79' lang='lat'><strong><em>4,</em></strong></span> <span class='ocrx_word' id='word_1_277' title='bbox 1144 3636 1238 3685; x_wconf 78' lang='lat'><strong><em>26:</em></strong></span> <span class='ocrx_word' id='word_1_278' title='bbox 1286 3632 1350 3683; x_wconf 89' lang='lat' dir='ltr'><strong><em>ut</em></strong></span> <span class='ocrx_word' id='word_1_279' title='bbox 1396 3629 1653 3683; x_wconf 79' lang='lat' dir='ltr'><strong><em>Socrates</em></strong></span> <span class='ocrx_word' id='word_1_280' title='bbox 1698 3644 1977 3683; x_wconf 83' lang='lat' dir='ltr'><strong><em>venenum</em></strong></span> <span class='ocrx_word' id='word_1_281' title='bbox 2014 3627 2257 3698; x_wconf 79' lang='lat' dir='ltr'><strong><em>accepit,</em></strong></span> <span class='ocrx_word' id='word_1_282' title='bbox 2306 3628 2387 3683; x_wconf 81' lang='lat' dir='ltr'><strong><em>sie</em></strong></span> <span class='ocrx_word' id='word_1_283' title='bbox 2422 3647 2525 3685; x_wconf 80' lang='lat' dir='ltr'><strong><em>nos</em></strong></span> <span class='ocrx_word' id='word_1_284' title='bbox 2562 3630 2787 3685; x_wconf 80' lang='lat' dir='ltr'><strong><em>omnino</em></strong></span> 
     </span>
     <span class='ocr_line' id='line_1_32' title="bbox 441 3712 2789 3788; baseline 0 -15"><span class='ocrx_word' id='word_1_285' title='bbox 441 3734 528 3773; x_wconf 81' lang='lat' dir='ltr'><strong><em>res</em></strong></span> <span class='ocrx_word' id='word_1_286' title='bbox 567 3718 819 3787; x_wconf 83' lang='lat' dir='ltr'><strong><em>accipere</em></strong></span> <span class='ocrx_word' id='word_1_287' title='bbox 856 3718 1140 3787; x_wconf 82' lang='lat' dir='ltr'><strong><em>debemus,</em></strong></span> <span class='ocrx_word' id='word_1_288' title='bbox 1177 3736 1291 3773; x_wconf 86' lang='lat' dir='ltr'><strong><em>non</em></strong></span> <span class='ocrx_word' id='word_1_289' title='bbox 1327 3720 1414 3773; x_wconf 82' lang='lat' dir='ltr'><strong><em>est</em></strong></span> <span class='ocrx_word' id='word_1_290' title='bbox 1451 3717 1835 3773; x_wconf 81' lang='lat' dir='ltr'><strong><em>clamandum:</em></strong></span> <span class='ocrx_word' id='word_1_291' title='bbox 1875 3716 2081 3785; x_wconf 76' lang='grc' dir='ltr'><strong><em>,,τοὶλας</em></strong></span> <span class='ocrx_word' id='word_1_292' title='bbox 2118 3712 2239 3787; x_wconf 79' lang='grc' dir='ltr'><strong><em>ἐγώ,</em></strong></span> <span class='ocrx_word' id='word_1_293' title='bbox 2279 3716 2455 3788; x_wconf 77' lang='grc' dir='ltr'><strong><em>γέρων</em></strong></span> <span class='ocrx_word' id='word_1_294' title='bbox 2485 3719 2789 3788; x_wconf 74' lang='grc' dir='ltr'><strong><em>ἄνθρωπος</em></strong></span> 
     </span>
     <span class='ocr_line' id='line_1_33' title="bbox 441 3801 2787 3877; baseline 0 -16"><span class='ocrx_word' id='word_1_295' title='bbox 441 3801 535 3861; x_wconf 79' lang='grc' dir='ltr'><strong><em>ἐπὶ</em></strong></span> <span class='ocrx_word' id='word_1_296' title='bbox 579 3806 755 3861; x_wconf 81' lang='grc' dir='ltr'><strong><em>ταῦτά</em></strong></span> <span class='ocrx_word' id='word_1_297' title='bbox 801 3827 907 3877; x_wconf 89' lang='grc' dir='ltr'><strong><em>μου</em></strong></span> <span class='ocrx_word' id='word_1_298' title='bbox 952 3806 1052 3869; x_wconf 80' lang='grc' dir='ltr'><strong><em>τὰς</em></strong></span> <span class='ocrx_word' id='word_1_299' title='bbox 1094 3806 1294 3869; x_wconf 76' lang='grc' dir='ltr'><strong><em>πολιὰς</em></strong></span> <span class='ocrx_word' id='word_1_300' title='bbox 1340 3806 1641 3877; x_wconf 81' lang='grc' dir='ltr'><strong><em>ἐτήρησα“;</em></strong></span> <span class='ocrx_word' id='word_1_301' title='bbox 1699 3809 1781 3869; x_wconf 88' lang='grc' dir='ltr'><strong><em>τίς</em></strong></span> <span class='ocrx_word' id='word_1_302' title='bbox 1827 3804 1973 3875; x_wconf 81' lang='grc' dir='ltr'><strong><em>λέγει</em></strong></span> <span class='ocrx_word' id='word_1_303' title='bbox 2020 3814 2220 3872; x_wconf 81' lang='grc' dir='ltr'><strong><em>ταῦτα;</em></strong></span> <span class='ocrx_word' id='word_1_304' title='bbox 2278 3808 2495 3861; x_wconf 82' lang='grc' dir='ltr'><strong><em>δοκεῖτε</em></strong></span> <span class='ocrx_word' id='word_1_305' title='bbox 2532 3806 2619 3861; x_wconf 81' lang='grc' dir='ltr'><strong><em>ὅτι</em></strong></span> <span class='ocrx_word' id='word_1_306' title='bbox 2654 3808 2787 3877; x_wconf 81' lang='grc' dir='ltr'><strong><em>ὑμῖν</em></strong></span> 
     </span>
     <span class='ocr_line' id='line_1_34' title="bbox 438 3891 2785 3967; baseline 0 -17"><span class='ocrx_word' id='word_1_307' title='bbox 438 3896 690 3963; x_wconf 80' lang='grc' dir='ltr'><strong><em>ἄδοξον</em></strong></span> <span class='ocrx_word' id='word_1_308' title='bbox 717 3891 823 3967; x_wconf 77' lang='grc' dir='ltr'><strong><em>ἐρῶ</em></strong></span> <span class='ocrx_word' id='word_1_309' title='bbox 852 3895 950 3951; x_wconf 83' lang='grc' dir='ltr'><strong><em>καὶ</em></strong></span> <span class='ocrx_word' id='word_1_310' title='bbox 976 3894 1333 3963; x_wconf 81' lang='grc' dir='ltr'><strong><em>ταπεινόν;</em></strong></span> <span class='ocrx_word' id='word_1_311' title='bbox 1371 3898 1626 3966; x_wconf 84' lang='grc' dir='ltr'><strong><em>Πρίαμος</em></strong></span> <span class='ocrx_word' id='word_1_312' title='bbox 1660 3896 1805 3951; x_wconf 75' lang='grc' dir='ltr'><strong><em>αὐτὰ</em></strong></span> <span class='ocrx_word' id='word_1_313' title='bbox 1834 3896 1899 3950; x_wconf 76' lang='grc' dir='ltr'><strong><em>οὐ</em></strong></span> <span class='ocrx_word' id='word_1_314' title='bbox 1929 3893 2101 3965; x_wconf 73' lang='grc' dir='ltr'><strong><em>λέγεις</em></strong></span> <span class='ocrx_word' id='word_1_315' title='bbox 2145 3892 2483 3957; x_wconf 83' lang='grc' dir='ltr'><strong><em>Οἰδίπους</em></strong></span> <span class='ocrx_word' id='word_1_316' title='bbox 2519 3896 2585 3950; x_wconf 78' lang='grc' dir='ltr'><strong><em>οὐ</em></strong></span> <span class='ocrx_word' id='word_1_317' title='bbox 2614 3894 2785 3965; x_wconf 73' lang='grc' dir='ltr'><strong><em>λέγεις</em></strong></span> 
     </span>
     <span class='ocr_line' id='line_1_35' title="bbox 434 3980 2787 4059; baseline -0.002 -18"><span class='ocrx_word' id='word_1_318' title='bbox 434 3984 556 4041; x_wconf 79' lang='grc' dir='ltr'><strong><em>ἀλλ’</em></strong></span> <span class='ocrx_word' id='word_1_319' title='bbox 599 3985 842 4041; x_wconf 84' lang='grc' dir='ltr'><strong><em>ὁπόσοι</em></strong></span> <span class='ocrx_word' id='word_1_320' title='bbox 880 3988 1181 4059; x_wconf 78' lang='grc' dir='ltr'><strong><em>βασιλεῖς</em></strong></span> <span class='ocrx_word' id='word_1_321' title='bbox 1217 3984 1452 4055; x_wconf 78' lang='grc' dir='ltr'><strong><em>λέγουσι.</em></strong></span> <span class='ocrx_word' id='word_1_322' title='bbox 1507 3988 1568 4039; x_wconf 90' lang='grc' dir='ltr'><strong><em>τί</em></strong></span> <span class='ocrx_word' id='word_1_323' title='bbox 1597 3984 1704 4056; x_wconf 80' lang='grc' dir='ltr'><strong><em>γὰρ</em></strong></span> <span class='ocrx_word' id='word_1_324' title='bbox 1743 3985 1881 4042; x_wconf 80' lang='grc' dir='ltr'><strong><em>ἄλλο,</em></strong></span> <span class='ocrx_word' id='word_1_325' title='bbox 1906 3980 2021 4039; x_wconf 76' lang='grc' dir='ltr'><strong><em>ἐστὶ</em></strong></span> <span class='ocrx_word' id='word_1_326' title='bbox 2056 3985 2403 4057; x_wconf 80' lang='grc' dir='ltr'><strong><em>τραγῳδία</em></strong></span> <span class='ocrx_word' id='word_1_327' title='bbox 2439 3980 2474 4051; x_wconf 80' lang='grc' dir='ltr'>ἢ</span> <span class='ocrx_word' id='word_1_328' title='bbox 2512 3984 2787 4055; x_wconf 77' lang='grc' dir='ltr'><strong><em>ἀνθρώ-</em></strong></span> 
     </span>
     <span class='ocr_line' id='line_1_36' title="bbox 433 4067 2785 4145; baseline -0.001 -16"><span class='ocrx_word' id='word_1_329' title='bbox 433 4096 572 4130; x_wconf 86' lang='grc' dir='ltr'><strong><em>πων</em></strong></span> <span class='ocrx_word' id='word_1_330' title='bbox 637 4073 828 4145; x_wconf 78' lang='grc' dir='ltr'><strong><em>πάθη</em></strong></span> <span class='ocrx_word' id='word_1_331' title='bbox 895 4073 1430 4144; x_wconf 75' lang='grc' dir='ltr'><strong><em>τεθαυμακότων</em></strong></span> <span class='ocrx_word' id='word_1_332' title='bbox 1485 4074 1564 4129; x_wconf 79' lang='grc' dir='ltr'><strong><em>τὰ</em></strong></span> <span class='ocrx_word' id='word_1_333' title='bbox 1621 4070 1839 4141; x_wconf 77' lang='grc' dir='ltr'><strong><em>ἐκτός,</em></strong></span> <span class='ocrx_word' id='word_1_334' title='bbox 1896 4072 1994 4128; x_wconf 84' lang='grc' dir='ltr'><strong><em>διὰ</em></strong></span> <span class='ocrx_word' id='word_1_335' title='bbox 2048 4071 2249 4143; x_wconf 84' lang='grc' dir='ltr'><strong><em>μέτρου</em></strong></span> <span class='ocrx_word' id='word_1_336' title='bbox 2310 4069 2523 4126; x_wconf 80' lang='grc' dir='ltr'><strong><em>τοιοῦδ’</em></strong></span> <span class='ocrx_word' id='word_1_337' title='bbox 2575 4067 2785 4127; x_wconf 78' lang='grc' dir='ltr'><strong><em>ἐπιδει-</em></strong></span> 
     </span>
     <span class='ocr_line' id='line_1_37' title="bbox 434 4160 2784 4235; baseline -0.001 -16"><span class='ocrx_word' id='word_1_338' title='bbox 434 4164 709 4235; x_wconf 71' lang='grc' dir='ltr'><strong><em>κνύμενας</em></strong></span> <span class='ocrx_word' id='word_1_339' title='bbox 765 4167 1064 4233; x_wconf 86' lang='lat' dir='ltr'><strong><em>utrumque</em></strong></span> <span class='ocrx_word' id='word_1_340' title='bbox 1119 4166 1309 4219; x_wconf 78' lang='lat' dir='ltr'><strong><em>autem</em></strong></span> <span class='ocrx_word' id='word_1_341' title='bbox 1365 4164 1723 4219; x_wconf 83' lang='lat' dir='ltr'><strong><em>coniunctum</em></strong></span> <span class='ocrx_word' id='word_1_342' title='bbox 1776 4163 1951 4217; x_wconf 79' lang='lat' dir='ltr'><strong><em>habes</em></strong></span> <span class='ocrx_word' id='word_1_343' title='bbox 2006 4162 2068 4215; x_wconf 89' lang='lat' dir='ltr'><strong><em>in</em></strong></span> <span class='ocrx_word' id='word_1_344' title='bbox 2120 4162 2244 4216; x_wconf 87' lang='lat' dir='ltr'><strong><em>loco</em></strong></span> <span class='ocrx_word' id='word_1_345' title='bbox 2291 4179 2367 4217; x_wconf 87' lang='lat' dir='ltr'><strong><em>or.</em></strong></span> <span class='ocrx_word' id='word_1_346' title='bbox 2415 4162 2543 4214; x_wconf 85' lang='lat' dir='ltr'>XIII</span> <span class='ocrx_word' id='word_1_347' title='bbox 2588 4160 2784 4216; x_wconf 81' lang='lat' dir='ltr'><strong><em>Dionis</em></strong></span> 
     </span>
     <span class='ocr_line' id='line_1_38' title="bbox 436 4246 2785 4324; baseline -0.001 -17"><span class='ocrx_word' id='word_1_348' title='bbox 436 4254 716 4323; x_wconf 70' lang='lat' dir='ltr'><strong><em>chrysost.</em></strong></span> <span class='ocrx_word' id='word_1_349' title='bbox 745 4257 818 4324; x_wconf 91' lang='lat' dir='ltr'><strong><em>(p.</em></strong></span> <span class='ocrx_word' id='word_1_350' title='bbox 849 4259 953 4308; x_wconf 81' lang='lat'><strong><em>428</em></strong></span> <span class='ocrx_word' id='word_1_351' title='bbox 972 4254 1042 4324; x_wconf 84' lang='lat' dir='ltr'><strong><em>R)</em></strong></span> <span class='ocrx_word' id='word_1_352' title='bbox 1070 4252 1170 4307; x_wconf 88' lang='lat' dir='ltr'><strong><em>ubi</em></strong></span> <span class='ocrx_word' id='word_1_353' title='bbox 1207 4252 1518 4323; x_wconf 70' lang='lat' dir='ltr'><strong><em>exponitur,</em></strong></span> <span class='ocrx_word' id='word_1_354' title='bbox 1567 4252 1653 4308; x_wconf 79' lang='grc' dir='ltr'><strong><em>’ὅτι</em></strong></span> <span class='ocrx_word' id='word_1_355' title='bbox 1688 4250 1899 4321; x_wconf 80' lang='grc' dir='ltr'><strong><em>πένης</em></strong></span> <span class='ocrx_word' id='word_1_356' title='bbox 1936 4247 2085 4306; x_wconf 79' lang='grc' dir='ltr'><strong><em>ἐστὶν</em></strong></span> <span class='ocrx_word' id='word_1_357' title='bbox 2122 4251 2307 4313; x_wconf 77' lang='grc' dir='ltr'><strong><em>οὐδεὶς</em></strong></span> <span class='ocrx_word' id='word_1_358' title='bbox 2344 4246 2409 4305; x_wconf 83' lang='grc' dir='ltr'><strong><em>οὗ</em></strong></span> <span class='ocrx_word' id='word_1_359' title='bbox 2450 4248 2617 4305; x_wconf 77' lang='grc' dir='ltr'><strong><em>ἕνεκα</em></strong></span> <span class='ocrx_word' id='word_1_360' title='bbox 2652 4271 2785 4321; x_wconf 91' lang='grc' dir='ltr'><strong><em>τρα-</em></strong></span> 
     </span>
     <span class='ocr_line' id='line_1_39' title="bbox 437 4336 2893 4413; baseline -0 -17"><span class='ocrx_word' id='word_1_361' title='bbox 437 4344 646 4413; x_wconf 78' lang='grc' dir='ltr'><strong><em>γῳδίαν</em></strong></span> <span class='ocrx_word' id='word_1_362' title='bbox 683 4364 766 4405; x_wconf 87' lang='grc' dir='ltr'><strong><em>τις</em></strong></span> <span class='ocrx_word' id='word_1_363' title='bbox 803 4338 1046 4409; x_wconf 76' lang='grc' dir='ltr'><strong><em>ἐδίδαξε.</em></strong></span> <span class='ocrx_word' id='word_1_364' title='bbox 1101 4343 1432 4409; x_wconf 79' lang='grc' dir='ltr'><strong><em>τούναντίον</em></strong></span> <span class='ocrx_word' id='word_1_365' title='bbox 1468 4341 1574 4412; x_wconf 80' lang='grc' dir='ltr'><strong><em>γὰρ</em></strong></span> <span class='ocrx_word' id='word_1_366' title='bbox 1612 4341 1743 4413; x_wconf 83' lang='grc' dir='ltr'><strong><em>περὶ</em></strong></span> <span class='ocrx_word' id='word_1_367' title='bbox 1778 4342 1908 4403; x_wconf 80' lang='grc' dir='ltr'><strong><em>τοὺς</em></strong></span> <span class='ocrx_word' id='word_1_368' title='bbox 1930 4338 2143 4411; x_wconf 80' lang='grc' dir='ltr'><strong><em>Ἀτρέας</em></strong></span> <span class='ocrx_word' id='word_1_369' title='bbox 2179 4339 2279 4393; x_wconf 85' lang='grc' dir='ltr'><strong><em>καὶ</em></strong></span> <span class='ocrx_word' id='word_1_370' title='bbox 2304 4340 2434 4401; x_wconf 77' lang='grc' dir='ltr'><strong><em>τοὺς</em></strong></span> <span class='ocrx_word' id='word_1_371' title='bbox 2455 4337 2785 4410; x_wconf 81' lang='grc' dir='ltr'><strong><em>Ἀγαμέμνο-</em></strong></span> <span class='ocrx_word' id='word_1_372' title='bbox 2886 4336 2893 4343; x_wconf 79' lang='grc'>’</span> 
     </span>
     <span class='ocr_line' id='line_1_40' title="bbox 437 4426 2781 4501; baseline 0 -18"><span class='ocrx_word' id='word_1_373' title='bbox 437 4448 540 4491; x_wconf 87' lang='grc' dir='ltr'><strong><em>νας</em></strong></span> <span class='ocrx_word' id='word_1_374' title='bbox 573 4430 671 4484; x_wconf 80' lang='grc' dir='ltr'><strong><em>καὶ</em></strong></span> <span class='ocrx_word' id='word_1_375' title='bbox 705 4430 834 4493; x_wconf 80' lang='grc' dir='ltr'><strong><em>τοὺς</em></strong></span> <span class='ocrx_word' id='word_1_376' title='bbox 875 4429 1262 4493; x_wconf 87' lang='grc' dir='ltr'><strong><em>Οἰδίποδας</em></strong></span> <span class='ocrx_word' id='word_1_377' title='bbox 1299 4430 1414 4485; x_wconf 78' lang='grc' dir='ltr'><strong><em>ἴδοι</em></strong></span> <span class='ocrx_word' id='word_1_378' title='bbox 1450 4451 1532 4493; x_wconf 83' lang='grc' dir='ltr'><strong><em>τις</em></strong></span> <span class='ocrx_word' id='word_1_379' title='bbox 1568 4430 1642 4484; x_wconf 74' lang='grc' dir='ltr'><strong><em>ἂν</em></strong></span> <span class='ocrx_word' id='word_1_380' title='bbox 1679 4428 1863 4492; x_wconf 77' lang='grc' dir='ltr'><strong><em>πάσας</em></strong></span> <span class='ocrx_word' id='word_1_381' title='bbox 1909 4429 2008 4491; x_wconf 82' lang='grc' dir='ltr'><strong><em>τὰς</em></strong></span> <span class='ocrx_word' id='word_1_382' title='bbox 2043 4426 2465 4501; x_wconf 79' lang='grc' dir='ltr'><strong><em>τραγῳδίαςόἳ</em></strong></span> <span class='ocrx_word' id='word_1_383' title='bbox 2500 4433 2781 4484; x_wconf 81' lang='grc' dir='ltr'><strong><em>πλεῖστα</em></strong></span> 
     </span>
     <span class='ocr_line' id='line_1_41' title="bbox 440 4513 2639 4592; baseline 0 -19"><span class='ocrx_word' id='word_1_384' title='bbox 440 4513 806 4588; x_wconf 75' lang='grc' dir='ltr'><strong><em>ἐκέκτηντο</em></strong></span> <span class='ocrx_word' id='word_1_385' title='bbox 845 4518 1152 4591; x_wconf 78' lang='grc' dir='ltr'><strong><em>χρήματα</em></strong></span> <span class='ocrx_word' id='word_1_386' title='bbox 1189 4528 1394 4591; x_wconf 78' lang='grc' dir='ltr'><strong><em>χρυσοῦ</em></strong></span> <span class='ocrx_word' id='word_1_387' title='bbox 1433 4519 1530 4574; x_wconf 79' lang='grc' dir='ltr'><strong><em>καὶ</em></strong></span> <span class='ocrx_word' id='word_1_388' title='bbox 1567 4518 1814 4590; x_wconf 80' lang='grc' dir='ltr'><strong><em>ἀργύρου</em></strong></span> <span class='ocrx_word' id='word_1_389' title='bbox 1852 4518 1950 4573; x_wconf 83' lang='grc' dir='ltr'><strong><em>καὶ</em></strong></span> <span class='ocrx_word' id='word_1_390' title='bbox 1986 4526 2085 4589; x_wconf 81' lang='grc' dir='ltr'><strong><em>γῆς</em></strong></span> <span class='ocrx_word' id='word_1_391' title='bbox 2123 4517 2221 4573; x_wconf 87' lang='grc' dir='ltr'><strong><em>καὶ</em></strong></span> <span class='ocrx_word' id='word_1_392' title='bbox 2258 4518 2639 4592; x_wconf 79' lang='grc' dir='ltr'><strong><em>βοσκημάτων.</em></strong></span> 
     </span>
    </p>
   </div>
  </div>
 </body>
</html>
