3309 5167
1397 384 1470 393 ..,.
1569 348 1825 410 39-

444 512 778 593 praeterea
831 508 999 593 apud
1047 506 1319 572 eundem
1362 508 1435 572 de
1477 528 1607 589 cap.
1651 526 1729 571 ex
1773 507 1949 571 inim.
1995 506 2124 571 atil.
2175 528 2225 570 c.
2262 507 2306 572 4
2343 529 2403 590 p.
2444 507 2527 571 88
2550 504 2600 570 O
2638 505 2781 589 ipso

449 614 906 681 Demosthenis
953 612 1212 679 nomine
1257 615 1542 699 praefixo
1589 612 1949 679 accuratius
1998 612 2345 697 descripta:
2391 614 2572 698 atqui
2616 612 2784 677 solet

443 721 610 801 talia*
665 722 903 807 quibus
962 720 1316 786 delectatur
1369 720 1472 786 bis
1527 720 1632 786 vel
1685 724 1786 786 ter
1837 719 2224 787 Plutarchus
2288 719 2568 786 inserere
2633 720 2785 785 data

445 830 795 895 occasione.
888 827 1290 914 Quamquam
1343 827 1542 893 etiam
1585 827 1857 893 Bionem
1912 825 2188 893 aliorum
2245 825 2421 891 dicta
2470 826 2541 891 in
2595 849 2785 891 suum

444 960 636 1005 usum
689 933 1107 1019 convertisse,
1160 935 1342 1000 velut
1393 934 1464 1000 in
1517 934 1633 1001 illa
1686 934 2097 1019 Paupertatis
2153 932 2472 1019 oratione,
2528 934 2783 1000 demon-

447 1044 641 1109 strari
675 1047 918 1127 potest:
957 1046 1126 1108 certe
1154 1042 1270 1107 illo
1307 1042 1450 1108 loco
1488 1064 1652 1127 quae
1692 1042 2081 1107 antecedunt
2113 1040 2171 1107 si
2196 1041 2391 1125 paulo
2420 1039 2783 1107 accuratius
2858 1036 2862 1040 ’

445 1150 912 1236 inspexerimus
921 1200 940 1235 ,
1011 1170 1470 1235 cognoscemus
1533 1150 1709 1214 haud
1774 1171 2041 1234 parvam
2107 1148 2499 1215 intercedere
2564 1146 2785 1213 simili-

446 1258 741 1324 tudinem
785 1256 954 1321 inter
998 1257 1157 1338 haec
1203 1261 1397 1343 atque
1434 1252 1600 1322 'illos
1649 1279 1812 1342 quos
1859 1256 2050 1321 modo
2098 1256 2179 1321 ad
2224 1258 2601 1342 παρρησίαν
2645 1260 2784 1339 p'er-

445 1366 724 1431 tinentes
771 1363 1266 1429 commemoravi
1303 1364 1498 1429 locos.
1575 1363 1823 1441 Quibus
1862 1367 1936 1428 ut
1972 1362 2051 1427 de
2090 1363 2441 1449 δυσγενείᾳ
2476 1363 2555 1426 de
2590 1364 2785 1447 πενίᾳ
2852 1397 2857 1403 -

447 1473 523 1537 de
579 1480 762 1557 φυγῇ
817 1469 1058 1556 agitur,
1112 1469 1206 1535 ita
1258 1470 1366 1536 hic
1420 1471 1497 1535 de
1553 1471 1757 1536 clade:
1812 1471 2167 1556 νικώμενοι
2222 1466 2386 1553 φησὶ
2443 1470 2785 1555 Πίνδαρος

445 1579 686 1661 ἄνδρες
746 1576 1026 1665 ἀγρυξίᾳ
1089 1578 1130 1643 δ
1133 1576 1206 1643 έδ
1209 1602 1416 1665 ενταις
1482 1600 1644 1663 quae
1709 1582 1929 1662 autem
1991 1577 2459 1661 respondentur
2518 1575 2785 1640 eandem

448 1689 806 1771 sequuntur
857 1684 1176 1751 rationem
1231 1707 1427 1770 quam
1480 1684 1691 1769 prima
1746 1707 1909 1770 quae
1964 1684 2047 1749 ad
2106 1685 2331 1769 φυγήν
2393 1683 2785 1749 adnotantur

447 1793 669 1859 verba:
724 1792 846 1877 οὐχ
902 1791 1126 1869 ἁπλῶς
1179 1788 1336 1857 οὐδὲ
1379 1791 1650 1876 πάντες,
1704 1790 1850 1859 ἀλλ’
1902 1791 2049 1858 ὅσοι
2092 1788 2501 1875 νικωμένους
2544 1790 2793 1867 αὐτοὺς.

447 1899 694 1984 ὁρῶσιν
739 1898 867 1965 ὑπὸ
922 1908 1056 1964 τῶν
1107 1898 1372 1985 ἐχθρῶν
1417 1898 1755 1986 ἐπιμελείᾳ
1799 1900 2186 1985 χρηστότητι
2232 1898 2785 1983 μεγαλοφροσύνῃ

445 2008 986 2091 φιλανθρωπίαις
1029 2006 1452 2093 εὐεργεσίαις.
1533 2004 1665 2071 Ubi
1710 2004 1909 2091 longa
1950 2004 2347 2071 enumeratio
2392 2007 2470 2070 ut
2514 2003 2786 2069 Bionem

444 2110 724 2196 resipere
770 2112 1042 2197 videtur,
1089 2111 1184 2179 ita
1217 2112 1288 2179 in
1324 2112 1415 2178 eis
1455 2135 1620 2198 quae
1659 2116 2017 2198 sequuntur
2054 2115 2115 2179 εἰ
2157 2110 2380 2189 θέλεις
2424 2111 2623 2177 ἀνιᾶν
2666 2112 2785 2176 τὸν

445 2228 788 2304 μισοῦντα,
838 2220 926 2305 μὴ
971 2222 1263 2307 λοιδόρει
1307 2222 1615 2287 κίναιδον
1660 2217 2169 2306 μηδὲμαλακὸν
2214 2217 2368 2304 μηδ’
2421 2218 2785 2285 ἀκόλαστον

446 2323 611 2411 μηδὲ
675 2329 1061 2412 βωμολόχον
1126 2325 1280 2412 μηδ’
1351 2326 1801 2413 ἀνελεύθερον
1864 2325 1971 2414 (cf.
2016 2325 2188 2393 Plut.
2234 2347 2299 2391 π.
2344 2334 2563 2410 φυγῆς
2610 2347 2657 2391 c.
2703 2325 2781 2389 17

445 2437 563 2502 τὸν
616 2435 879 2520 πτωχὸν
932 2436 1297 2521 λοιδόρημα
1360 2442 1709 2501 ποιοῦνται
1766 2431 1877 2499 καὶ
1932 2435 2050 2505 τὸν
2104 2435 2450 2519 φαλακρὸν
2502 2430 2613 2498 καὶ
2666 2433 2785 2499 τὸν

446 2544 684 2629 μικρὸν
727 2540 840 2607 καὶ
883 2542 966 2625 νὴ
1003 2545 1140 2607 Δία
1185 2542 1303 2607 τὸν
1341 2539 1534 2620 ξένον
1574 2537 1686 2606 καὶ
1730 2542 1849 2607 τὸν
1885 2539 2191 2626 μέτοικον
2228 2545 2294 2605 et
2330 2562 2525 2625 supra
2558 2562 2619 2623 p.
2649 2536 2781 2626 29).

447 2648 673 2734 Neque
711 2648 922 2715 minus
953 2670 1115 2733 quae
1153 2648 1460 2733 leguntur
1494 2672 1553 2732 p.
1577 2646 1733 2715 88D
1773 2645 2017 2713 ἐνδύου
2054 2658 2135 2733 τῇ
2168 2658 2368 2733 ψυχῇ,
2404 2650 2783 2733 περισκόπει

448 2757 526 2821 τὰ
573 2755 821 2841 σαθρά,
871 2758 960 2841 μή
1004 2757 1105 2832 τίς
1150 2757 1263 2822 σοι’
1301 2762 1520 2821 ποθεν
1563 2752 2065 2839 ὑποφθέγγεται
2108 2759 2303 2821 κακία
2346 2756 2421 2821 τὸ
2467 2764 2587 2821 τοῦ
2632 2778 2785 2841 τρα-

447 2863 698 2951 γῳδοῢ·

693 2965 954 3033 ’Ἁλλων
997 2969 1222 3052 ιάτρὸς
1266 2966 1466 3044 αὐτὸς
1509 2966 1724 3033 ἕλκεσι
1770 2967 2015 3053 βρύων.

447 3073 708 3162 (Nauck
751 3098 812 3159 p.
855 3070 1012 3161 703)
1064 3073 1135 3138 in
1188 3073 1563 3140 memoriam
1593 3074 1801 3141 'nobis
1846 3078 2149 3140 revocant
2193 3073 2553 3160 Diogenem
2597 3075 2784 3140 illum

445 3181 672 3247 Bionis
721 3180 847 3269 (ap.
886 3180 1020 3247 Tel.
1057 3203 1122 3246 π.
1161 3180 1426 3267 αὐταρκ.
1464 3204 1524 3265 p.
1563 3182 1622 3267 5,
1655 3182 1784 3268 11),
1830 3181 1942 3267 qui
1987 3180 2335 3265 ἀκηκοέναι
2380 3191 2497 3267 τῆς
2533 3186 2785 3261 Κακίας

447 3288 690 3373 ἑαυτὴν
735 3284 1152 3373 αἰτιωμένης·

707 3396 890 3472 οὔτις
936 3391 1081 3479 ἐμοὶ
1127 3392 1326 3461 τῶνδ’
1377 3396 1579 3472 ἄλλος
1623 3392 1933 3478 ἐπαίτιος,
1978 3392 2124 3461 ἀλλ’
2178 3394 2303 3478 ἐγὼ
2352 3396 2517 3480 αὐτή

347 3556 352 3559 .
449 3524 516 3565 se
554 3501 727 3567 dicit.
801 3500 974 3590 (Hoc
1011 3524 1268 3587 quoque
1295 3501 1630 3567 Plutarchi
1666 3502 1810 3566 loco
1848 3502 1917 3567 in
1953 3502 2131 3567 fonte
2167 3501 2207 3587 ἡ
2240 3505 2455 3569 Κακία
2492 3503 2783 3570 extitisse

449 3630 567 3692 pro
611 3607 726 3672 illo
771 3612 966 3675 κακία
1009 3634 1110 3686 τις
1155 3609 1464 3694 arbitror,
1512 3609 1685 3694 quod
1732 3610 2027 3674 consulto
2073 3609 2350 3675 mutavit
2394 3610 2549 3695 ille.)

627 3713 801 3791 Quae
856 3716 913 3780 si
969 3715 1183 3781 omnia
1235 3715 1777 3802 reputaverimus,
1838 3739 1970 3781 non
2026 3716 2293 3782 dubium
2348 3740 2487 3782 esse
2541 3718 2781 3802 poterit

449 3821 704 3907 opinor,
761 3821 918 3907 quin
980 3822 1336 3888 sententiae
1393 3845 1648 3908 quoque
1701 3824 1895 3889 huius
1952 3824 2029 3887 de
2075 3827 2407 3911 παρρησίᾳ
2451 3824 2579 3890 loci
2636 3847 2782 3889 vere

445 3930 727 3995 Bioneae
773 3928 921 3994 sint.
994 3929 1134 3996 Iam
1179 3930 1552 3995 accedamus
1596 3914 1679 3995 ad
1714 3913 2081 4016 exempla.
2156 3929 2373 4015 Atque
2421 3931 2589 4015 apud
2627 3930 2783 3995 Mu-

447 4036 746 4103 sonium
791 4059 992 4101 unum
1037 4037 1209 4123 quod
1255 4038 1521 4103 affertur
1567 4037 1877 4123 Diogenis
1927 4037 2167 4123 Cynico
2212 4036 2477 4102 fluxisse
2522 4060 2557 4102 e
2602 4037 2781 4102 fonte

447 4148 968 4210 consentaneum'
1002 4148 1128 4229 est3
1185 4144 1296 4209 sed
1351 4145 1548 4209 etiam
1594 4146 1739 4229 quis
1786 4145 1892 4209 hic
1935 4145 2132 4209 fuerit
2176 4144 2371 4228 paulo
2419 4143 2778 4210 accuratius

447 4250 873 4317 demonstrari
914 4254 1147 4336 potest.
1221 4250 1469 4316 Eadem
1515 4250 1688 4316 enim
1733 4252 2025 4337 exempla
2068 4254 2435 4337 παρρησίας
2468 4250 2781 4336 Diogenis

449 4360 681 4444 quibus
738 4356 1048 4423 accedunt
1102 4357 1218 4425 illa
1272 4357 1576 4443 colloquii
1631 4380 1777 4422 cum
1820 4356 2122 4441 Philippo
2171 4362 2235 4422 et
2284 4355 2589 4442 colloquii
2638 4381 2779 4441 cum

448 4462 813 4531 Alexandro
870 4465 1106 4551 habiti,
1173 4465 1480 4551 leguntur
1533 4464 1602 4529 in
1657 4462 1867 4548 Epict.
1917 4463 2065 4529 diss.
2113 4463 2197 4551 II,
2239 4465 2339 4550 13,
2378 4466 2487 4551 243
2552 4464 2779 4531 similis
