3309 5167
1422 379 1849 444 -33.„

555 542 701 603 110.
763 539 902 623 Τὴν
961 549 1097 604 τῶν
1157 539 1584 625 κρατούντων

465 646 764 731 ἀμαθίαν
809 644 1042 732 φέρειν
1085 645 1315 733 χρεών.

465 763 670 819 ταῦτα
693 751 1016 839 πάντωςῑ)
1035 754 1156 817 οὐκ
1177 752 1400 839 ὀρθῶς
1427 750 1572 835 οὐδ’
1689 751 1815 836 ἐγὼ
1889 749 1965 817 δὲ
2035 756 2245 838 φαίην
2312 752 2397 819 ἂν
2458 756 2624 840 πρὸς
2683 756 2821 841 τὸν,

466 859 734 945 ἀληθῶς
771 857 1084 937 ἀξιοῦται.
1156 870 1420 945 πρῶτον
1456 859 1580 945 μὲν
1688 858 2065 946 Εὐριπίδην
2129 861 2259 945 ὅτι,
2332 856 2383 926 ὦ
2447 861 2803 948 Εὐριπίδη,

465 968 590 1051 γὰρ
648 965 730 1030 οὐ
785 966 1033 1032 δούλου
1086 967 1160 1031 τὸ
1216 967 1303 1051 μὴ
1359 966 1580 1051 λέγειν
1688 976 1883 1032 τοῦτο
1952 963 2076 1052 μὲν
2139 968 2363 1054 ὀρθῶς
2424 969 2803 1053 ὑπολαμβά-

465 1075 508 1139 ἅ
525 1097 625 1149 τις
651 1084 909 1159 φρονεῖ,
937 1073 1102 1139 ἀλλὰ
1125 1081 1297 1138 νοῦν
1317 1075 1582 1159 ἔχοντος
1689 1096 1847 1156 νεις,
1883 1073 1974 1150 ὡς
2011 1074 2259 1140 δούλου
2288 1072 2469 1140 ἐστὶν
2495 1074 2537 1140 ἃ
2565 1086 2808 1160 φρονεῖ

466 1178 711 1265 ἀνδρὸς
745 1177 819 1244 ἐν
849 1192 1105 1267 καιροῖς
1138 1179 1247 1245 καὶ
1284 1181 1582 1267 πράγμα-
1689 1180 1776 1264 μὴ
1814 1178 2053 1264 λέγειν,
2089 1181 2251 1247 ὅταν
2287 1205 2361 1265 γε
2404 1180 2521 1267 δέῃ
2558 1183 2803 1265 λέγειν·

466 1300 576 1350 σιν
613 1284 966 1370 ἐχεμυθίας
1000 1285 1110 1352 καὶ
1149 1296 1400 1371 σιωπῆς
1437 1289 1580 1355 δεο-
1690 1288 1771 1352 οὐ
1826 1288 1950 1373 γὰρ
2004 1286 2106 1352 ἀεὶ
2157 1287 2267 1353 καὶ
2313 1297 2650 1373 πανταχοῦ
2694 1288 2805 1354 καὶ

463 1390 704 1475 μένοις.
1688 1396 1855 1480 πρὸς
1897 1394 2212 1461 ὁντινοῦν
2256 1393 2521 1461 λεκτέον
2557 1395 2599 1460 ἃ
2641 1420 2804 1483 φρο-

1687 1510 1953 1587 νοῦμεν.

462 1604 680 1690 Atque
736 1628 958 1671 eorum
1012 1630 1174 1693 quae
1229 1609 1310 1672 ad
1364 1632 1420 1674 v.
1461 1609 1590 1675 393
1636 1609 1809 1693 apud
1851 1608 2275 1675 Plutarchum
2336 1609 2805 1694 respondentur

461 1712 740 1797 vestigia
781 1712 1198 1779 inveniuntur
1242 1716 1412 1799 apud
1459 1716 1857 1781 Musonium:

549 1837 716 1902 Plut.
766 1838 932 1905 ἀλλὰ
977 1837 1086 1905 καὶ
1132 1844 1384 1925 μᾶλλον
1419 1845 1576 1906 πολ-
1772 1840 1935 1906 Mus,
1970 1843 2071 1926 74,
2095 1843 2149 1906 7.
2196 1845 2467 1918 πολλοῖς
2512 1841 2637 1926 γὰρ
2682 1840 2805 1905 ὑπ-

462 1944 646 2022 λοέκις
682 1946 754 2010 οἱ
775 1944 1086 2031 μένοντες
1121 1958 1256 2013 τῶν
1291 1946 1578 2014 ἀπαλλα-
1687 1948 1873 2034 ἄρχει
1925 1946 2035 2013 καὶ
2087 1958 2222 2013 τῶν
2277 1946 2351 2013 ἐν
2403 1956 2481 2033 τῇ
2536 1947 2804 2034 πατρίδι

462 2050 714 2135 γέντων
766 2056 924 2131 τοὺς
971 2056 1320 2139 ἰσχύοντας
1366 2107 1379 2119 .
1411 2106 1424 2119 .
1472 2055 1577 2120 δε·
1686 2058 1921 2141 ὄντων,
1948 2059 2201 2140 μᾶλλον
2222 2051 2296 2120 δὲ
2315 2066 2454 2132 τοῖς
2472 2058 2804 2131 πλείστοις

462 2158 658 2223 δίασι.
1683 2163 1764 2227 τὰ
1810 2163 2137 2228 δοκοῦντα
2183 2162 2370 2227 δεινὰ
2415 2159 2722 2227 δεδιέναι.

645 2286 697 2348 1.
741 2283 1104 2370 Utrumque
1151 2286 1310 2372 quin
1355 2287 1435 2351 ad
1481 2288 1755 2352 eundem
1799 2287 2018 2352 redeat
2062 2287 2312 2351 fontem
2357 2285 2626 2351 dubium
2663 2300 2802 2350 esse

460 2411 592 2454 non
639 2396 882 2477 potest3
939 2415 1132 2477 quem
1175 2393 1447 2458 Bionem
1501 2394 1703 2459 fuisse
1758 2398 2023 2479 propter
2077 2392 2258 2458 illam
2313 2392 2803 2459 similitudinem

460 2498 806 2563 verisimile
854 2500 956 2564 fit:
1005 2500 1115 2565 sed
1156 2505 1231 2565 ut
1269 2500 1507 2566 certius
1544 2501 1667 2566 hac
1704 2500 1781 2565 de
1819 2524 1887 2565 re
1924 2500 2195 2566 iudicari
2230 2500 2457 2586 possit,
2488 2539 2569 2549 --
2599 2502 2694 2566 ita
2727 2505 2803 2565 ut

462 2605 723 2671 omnino
751 2606 918 2671 hanc
947 2606 1302 2673 disserendi
1331 2632 1476 2674 cum
1504 2630 1781 2693 persona
1808 2607 2057 2693 tragica
2082 2607 2401 2673 rationem
2429 2609 2509 2672 ad
2531 2608 2803 2673 Bionem

461 2711 698 2776 referre
752 2712 1076 2797 possimus
1115 2754 1199 2762 —
1239 2715 1368 2779 alio
1424 2730 1502 2781 ex
1562 2715 1707 2780 loco
1763 2714 2066 2800 efficitur,
2133 2714 2236 2780 cui
2288 2713 2511 2779 Bionis
2565 2737 2804 2779 nomen

463 2816 677 2900 ipsum
722 2822 1078 2904 praefixum
1125 2826 1239 2886 est.
1322 2822 1416 2887 Ut
1461 2821 1633 2886 enim
1680 2821 2078 2887 demonstret
2121 2824 2196 2887 τὸ
2242 2822 2527 2907 εῦρρουν
2573 2819 2681 2886 καὶ
2726 2822 2801 2885 τὸ

465 2924 930 3009 εὐδαιμονικόν
972 2950 1104 2993 non
1149 2928 1220 2992 in
1255 2950 1454 3014 regno
1493 2951 1633 2993 esse
1670 2928 2011 3012 Epictetus
2052 2926 2229 3015 (diss.
2258 2927 2376 3012 ΠΙ,
2407 2929 2508 3011 22,
2530 2928 2616 2992 30
2632 2926 2801 3014 sqq.)

461 3028 740 3097 Neronis
789 3037 854 3097 et
901 3032 1320 3119 Sardanapali
1365 3035 1675 3120 exemplis
1723 3035 1938 3100 allatis
1985 3034 2254 3100 tertium
2298 3033 2597 3119 producit
2630 3033 2801 3120 Aga-

459 3160 892 3205 memnonem:
933 3138 1103 3207 Ἀλλ’
1157 3140 1300 3207 οὐδ’
1344 3139 1773 3228 Ἀγαμέμνων
1820 3140 2152 3227 εὐδαίμων
2196 3136 2309 3226 ἦν,
2357 3191 2372 3206 .
2404 3191 2419 3205 .
2455 3140 2621 3207 ἀλλὰ
2667 3154 2801 3207 τῶν

458 3246 680 3312 ἄλλων
726 3247 1101 3332 ῥεγκόντων
1147 3248 1398 3327 ἐκεῖνος
1441 3252 1510 3314 τί
1549 3260 1752 3335 ποιεῖς

532 3355 798 3431 Πολλὰς
844 3353 914 3419 ἐκ
959 3360 1251 3439 κεφαλῆς
1293 3356 1808 3442 προθελύμνους
1842 3354 2063 3421 ἕλκετο
2109 3359 2353 3441 χαίτας.
2393 3353 2495 3441 (Il.
2516 3358 2586 3419 K
2618 3355 2722 3438 15)

459 3458 598 3521 Iam
645 3459 937 3544 sequitur
981 3461 1240 3547 longius
1289 3462 1460 3527 inter
1505 3482 1724 3547 regem
1768 3462 1956 3526 illum
2001 3462 2342 3547 antiquum
2401 3468 2468 3527 et
2510 3462 2801 3548 Epicteti

461 3570 787 3630 auctorem
851 3567 1291 3652 colloquium(
1355 3568 1479 3635 Sed
1545 3571 1658 3636 ubi
1724 3575 1900 3637 extet
1952 3592 2190 3635 nomen
2241 3569 2466 3635 Bionis
2524 3570 2799 3635 fortasse

462 3694 746 3755 quaeras.
817 3673 958 3738 Iam
992 3674 1194 3760 igitur
1239 3677 1497 3742 evolvas
1538 3677 1666 3744 Cic.
1696 3678 1879 3743 Tusc.
1911 3679 2069 3763 disp.
2107 3678 2221 3742 lib.
2248 3675 2363 3762 ΙΙΙ,
2403 3678 2507 3762 26,
2547 3680 2650 3762 62,
2687 3676 2799 3741 ubi

459 3778 617 3843 haec
661 3779 990 3864 leguntur:
1036 3783 1179 3849 hinc
1223 3785 1328 3849 ille
1361 3785 1745 3869 Ayamemno
1782 3786 2150 3852 Homericus
2193 3790 2251 3849 et
2292 3786 2451 3849 idem
2488 3785 2801 3849 Accianus

855 3890 1134 3955 scindens
1177 3892 1380 3957 dolore
1424 3893 1752 3957 identidem
1796 3894 2109 3958 intonsam
2152 3912 2416 3975 comam,

457 3994 526 4058 in
562 4015 680 4077 qno
709 3995 976 4074 facetum
1012 3996 1172 4061 illud
1196 3997 1392 4063 Bion
1407 4000 1498 4077 is,
1531 4000 1792 4083 perinde
1825 4000 2258 4065 stultissimum
2292 4018 2489 4080 reyem
2525 3998 2595 4061 in
2632 3998 2799 4061 luctu

455 4102 750 4184 capillum
784 4103 905 4167 sibi
939 4104 1194 4188 evellere,
1231 4106 1412 4187 qnasi
1438 4106 1685 4171 calvitio
1712 4126 1955 4171 maeror
1982 4106 2300 4171 levaretur.
2310 4103 2364 4191 ²)
2430 4103 2613 4180 Quod
2641 4102 2798 4168 Acci

601 4336 654 4397 1)
692 4332 920 4403 πρώτως
957 4331 1136 4401 codd„
1176 4332 1327 4401 quod
1365 4322 1536 4387 sensu¹
1568 4335 1747 4401 caret3
1786 4332 1921 4407 ὁρᾷς
1958 4333 2031 4396 ὡς
2066 4331 2285 4387 Reiske.

597 4423 652 4489 2)
689 4420 857 4489 Apud
892 4420 1212 4475 Ciceronem
1249 4421 1422 4477 etiam
1451 4439 1594 4490 quae
1630 4420 1916 4475 antecedit
1943 4421 2244 4491 descriptio
2272 4421 2640 4476 maerentium
2670 4422 2797 4476 Bio-

457 4524 594 4561 neae
629 4509 924 4563 cuiusdam
960 4510 1124 4579 quasi
1160 4511 1360 4565 umbra
1395 4528 1518 4565 esse
1553 4509 1793 4565 videtur.

2340 4607 2371 4654 3
