3309 5167
521 517 681 582 satis
703 516 921 603 inepte
948 521 1178 602 postea
1203 516 1486 582 adiectos
1516 540 1655 583 esse
1684 516 2097 582 manifestum
2116 514 2245 605 est)
2270 521 2347 581 ut
2366 516 2861 602 demonstretur,

519 626 728 709 magis
758 648 906 690 eum
938 623 1312 690 hominibus
1339 625 1663 711 prodesse,
1701 624 1814 710 (1111
1852 625 2093 709 doceat,
2130 628 2201 689 τί
2232 633 2520 709 ποιοῦσι,
2546 636 2687 701 πῶς
2722 625 2865 689 διά-

517 749 742 817 γουσι,
795 734 979 808 τίνος
1025 730 1516 817 ἐπιμελοῦνται,
1565 735 1750 809 τίνος
1807 732 2123 816 ἀμελοῦσι
2177 733 2345 818 πρὸς
2398 733 2472 797 τὸ
2526 740 2863 818 προσῆκον

517 860 713 923 quam
749 840 822 905 oc
852 840 976 904 δύο
1013 837 1054 922 ’ἢ
1090 842 1241 926 τρία
1276 842 1696 926 κακόρρυγχα
1731 841 1965 905 παιδία
2010 836 2167 905 ἀνθ’
2211 839 2433 904 αὑτῶν
2470 839 2863 922 εἰσάγοντες.

517 944 695 1021 Quae
763 969 910 1011 cum
980 950 1118 1011 arte
1183 970 1330 1012 cum
1389 956 1472 1033 τῇ
1532 955 1652 1013 τοῦ
1726 950 2027 1012 Κυνικοῦ
2091 949 2393 1033 βασιλείᾳ
2465 946 2864 1031 cohaereant,

519 1047 762 1137 Cynico
811 1077 844 1118 e
889 1052 1069 1119 fonte
1116 1055 1275 1140 quin
1315 1052 1476 1119 haec
1519 1054 1827 1119 fluxerint
1874 1054 2160 1119 dubitari
2204 1076 2337 1118 non
2379 1057 2625 1137 potest:
2680 1053 2863 1140 atqui

486 1161 891 1227 ‘recentioris
939 1162 1170 1227 aetatis
1210 1159 1501 1246 Cynismi
1539 1163 1857 1247 quaedam
1894 1162 1999 1226 his
2045 1184 2111 1227 π.
2142 1169 2469 1244 κυνισμοῦ
2504 1160 2862 1245 Epicteteis

516 1267 780 1333 subesse
830 1291 1026 1354 supra
1070 1268 1671 1335 demonstravimus.
1736 1268 1964 1355 Neque
2003 1268 2175 1334 enim
2212 1272 2461 1334 veteres
2500 1267 2601 1332 illi
2637 1267 2863 1353 Cynici

514 1374 636 1439 hac
698 1376 948 1442 ratione
1011 1400 1149 1441 rem
1211 1380 1627 1441 tractassent:
1698 1376 2008 1441 nimirum
2070 1398 2203 1441 non
2272 1375 2341 1441 id
2404 1374 2713 1461 egissent,
2789 1380 2863 1440 ut

515 1483 810 1567 exempla
860 1484 1267 1569 indagarent,
1325 1482 1560 1568 quibus
1607 1483 1806 1547 etiam
1859 1484 1929 1548 in
1983 1482 2177 1548 exilio
2234 1486 2299 1546 et
2352 1479 2423 1545 in
2482 1486 2863 1566 paupertate

512 1588 870 1653 honoribus
899 1590 1215 1674 quosdam
1251 1590 1515 1654 affectos
1547 1613 1687 1655 esse
1714 1590 2091 1675 probarent:
2130 1588 2615 1674 respondissent
2640 1588 2859 1673 potius

512 1694 692 1761 velut
734 1694 1187 1782 Antisthenes,
1239 1695 1352 1782 (1111
1396 1697 1520 1781 τὴν
1566 1696 1842 1775 ἀδοξίαν
1884 1696 2146 1781 ἀγαθὸν
2189 1694 2300 1762 καὶ
2349 1702 2496 1762 ἴσον
2540 1706 2631 1785 τῷ
2676 1700 2859 1787 πόνῳ

513 1803 788 1887 putabat
833 1799 1074 1889 (Laert.
1112 1802 1303 1889 Diog.
1341 1804 1447 1890 Vl,
1490 1800 1620 1891 11),
1668 1808 1781 1868 aut
1824 1803 2168 1893 DiogeneS,
2214 1803 2327 1888 qui
2373 1802 2707 1885 εὐγενείας
2750 1800 2858 1867 καὶ

516 1908 711 1987 δόξας
751 1906 863 1975 καὶ
913 1919 1186 1976 τοιαῦτα
1230 1912 1744 1998 προκοσμήματα
1797 1914 2030 1987 κακίας
2084 1910 2453 1995 appellabat
2498 1909 2673 1991 (ibid.
2725 1907 2860 1996 72),

513 2020 708 2102 atque
748 2016 921 2081 haud
965 2017 1062 2081 ita
1105 2018 1349 2083 urbane
1387 2017 1612 2082 definit
1658 2017 1727 2082 in
1762 2017 1973 2102 Epict.
2014 2017 2163 2081 diss
2200 2016 2251 2103 I,
2289 2018 2393 2102 24,
2432 2018 2497 2081 6:
2544 2065 2586 2102 „
2597 2015 2861 2094 εὐδοξία

511 2125 734 2208 ψόφος
779 2120 915 2189 ἐστὶ
960 2122 1381 2209 μαινομένων
1427 2123 1871 2211 ἀνθρώπωνίί,
1917 2128 2031 2188 aut
2069 2121 2294 2188 Crates
2342 2123 2455 2207 qui
2498 2124 2861 2208 profitetur,

514 2253 582 2295 se
629 2232 804 2315 ἔχειν
849 2232 1136 2317 πατρίδα
1171 2230 1446 2309 ἀδοξίαν
1488 2229 1600 2296 καὶ
1647 2234 1887 2297 πενίαν
1932 2230 2239 2296 ἀνάλωτα
2282 2238 2363 2315 τῇ
2408 2231 2572 2315 τύχῃ
2620 2226 2857 2317 (Laert.

511 2336 701 2423 Diog.
748 2337 860 2423 VI,
907 2335 1042 2425 93).

686 2443 802 2509 IV.
841 2443 1018 2520 Quae
1048 2444 1522 2529 argumentatio
1554 2468 1699 2509 cum
1728 2446 1901 2530 apud
1921 2444 2298 2510 recentioris
2328 2442 2561 2508 aetatis
2584 2441 2857 2527 Cynicos

511 2536 644 2616 non
679 2555 1038 2636 propagata
1065 2551 1171 2636 sit,
1209 2552 1321 2636 qui
1347 2552 1521 2616 hunc
1556 2553 1633 2616 de
1663 2551 1894 2639 ἀδοξία
1927 2551 2145 2616 16611111
2170 2554 2544 2636 tractarent,
2582 2550 2861 2615 similem

513 2679 766 2742 semper
810 2658 1016 2722 secuti
1043 2661 1214 2722 -sunt
1258 2662 1614 2723 tractantes
1661 2658 1878 2724 locum
1924 2660 2243 2745 quendam
2286 2657 2599 2742 vicinum,
2645 2658 2859 2743 igno-

512 2764 822 2829 miniam
865 2764 1024 2830 dic0.
1099 2764 1225 2841 Qui
1264 2787 1410 2830 cum
1449 2789 1486 2831 a
1522 2766 1911 2851 quibusdam
1947 2770 2085 2831 arte
2124 2789 2271 2831 cum
2308 2764 2513 2830 altero
2552 2765 2667 2829 illo
2708 2786 2858 2829 con-

504 2871 766 2937 iunctus
805 2870 892 2936 sit
925 2909 1000 2917 —
1033 2876 1108 2936 ut
1145 2894 1184 2935 a
1208 2872 1508 2938 Musom'o
1547 2873 1763 2939 verbis
1803 2871 1890 2959 (p.
1925 2875 2026 2959 73,
2060 2871 2172 2961 16)
2211 2877 2428 2939 καίτοι
2465 2882 2605 2949 πῶς
2642 2871 2727 2937 ἂν
2758 2878 2859 2955 εἴη

487 2987 708 3064 ,τοῦτο
761 2977 1231 3057 κακοδοξίας
1287 2986 1532 3065 αἴτιον,
1589 2980 1663 3046 ἐν
1710 2974 1763 3070 ᾧ
1815 2976 1993 3058 τινὲς
2045 2978 2541 3066 ἐνδοξότεροι
2586 2980 2859 3060 γεγόνα-

511 3102 623 3151 σιν
665 3084 707 3169 ἢ
743 3088 1070 3173 πρότερον
1109 3123 1209 3170 -,
1251 3090 1470 3152 tamen
1511 3086 1833 3173 principio
1874 3091 2208 3172 separatus
2248 3092 2410 3172 erat,
2457 3090 2533 3150 ut
2577 3084 2774 3149 etiam
2820 3106 2859 3148 a

508 3192 859 3258 Plutarcho
920 3192 1270 3277 separatim
1322 3198 1669 3280 utrumque
1728 3199 2066 3260 tractatur.
2166 3194 2263 3259 De
2317 3192 2675 3279 ignominia
2726 3191 2857 3255 iam

513 3298 874 3384 Stilponem
911 3298 1118 3383 egisse
1155 3322 1353 3385 supra
1383 3301 1819 3387 cognovimus,
1857 3324 2051 3387 quem
2078 3306 2297 3366 tamen
2325 3324 2360 3365 6
2387 3298 2856 3385 posterioribus

511 3428 900 3492 quemquam
927 3412 1222 3473 secutum
1249 3430 1389 3473 esse
1417 3408 1815 3494 negavimUS,
1845 3430 2237 3494 quamquam
2268 3408 2672 3493 singulorum
2702 3405 2860 3471 Stil—

508 3512 697 3597 ponis
744 3519 1272 3599 argumentorum
1326 3515 1632 3609 rationes⁸
1668 3515 1955 3581 diversas
2001 3515 2071 3580 in
2124 3516 2365 3600 figuras
2416 3513 2713 3578 redactae
2759 3514 2860 3578 in-

508 3620 869 3686 veniuntur.
905 3660 980 3669 —
1003 3623 1223 3709 Atque
1249 3623 1534 3708 primum
1563 3622 1824 3709 quidem
1854 3645 2001 3687 cum
2027 3621 2142 3686 illo
2173 3621 2429 3703 ἀγαθὸς
2456 3621 2551 3686 ὢν
2580 3622 2858 3687 διατελῶ

511 3726 826 3812 Stilpom's
857 3728 1136 3794 conferri
1161 3734 1438 3815 possunt
1465 3752 1630 3817 quae
1658 3729 1729 3793 in
1754 3728 1870 3792 illa
1887 3728 2405 3793 Tusculanarum.
2420 3732 2606 3812 parte
2633 3728 2859 3814 legun-

507 3836 634 3917 tur,
680 3856 844 3917 quae
881 3839 982 3899 est
1018 3837 1095 3901 de
1133 3836 1347 3901 exilio·
1375 3834 1483 3923 (V,
1512 3837 1615 3921 37,
1649 3836 1827 3916 107):
1874 3836 1966 3901 At
1996 3838 2161 3900 enim
2194 3837 2328 3900 sine
2362 3836 2709 3918 iynominia
2744 3834 2857 3919 (sc.

508 3939 753 4023 egressi
807 3945 961 4005 sunt
1012 3942 1390 4027 philosophi
1434 3942 1650 4027 multi,
1707 3942 1820 4027 qui
1865 3945 2321 4006 enumerantur
2364 3941 2435 4006 in
2479 3941 2854 4006 anteceden-

507 4046 726 4127 tibus).
755 4084 830 4093 —
863 4048 1020 4131 <An
1033 4054 1234 4133 potest
1259 4049 1515 4114 exitium
1541 4049 1933 4135 tenemium>
1952 4047 2216 4131 'adficere
2242 4048 2622 4133 sapientem?
2675 4045 2850 4122 Quae

507 4154 782 4236 pendere
829 4172 873 4218 ’6
931 4152 1282 4240 Stilponeis
1346 4154 1522 4219 haud
1577 4155 1816 4219 rectius
1884 4154 2148 4241 dixeris,
2213 4178 2409 4240 quam
2464 4175 2624 4240 quae
2682 4152 2852 4237 apud

509 4256 886 4325 Ciceronem
949 4266 1016 4327 et
1067 4261 1440 4327 Musoni-um
1504 4263 1581 4327 de
1645 4262 1819 4327 iusto
1886 4262 2091 4327 exilio.
2138 4261 2471 4348 leguntur,
2539 4284 2685 4327 cum
2740 4282 2857 4325 sua

397 4408 401 4411 -
510 4366 783 4453 quisque
829 4370 1242 4455 respondeat,
1287 4366 1530 4455 Stilpo:
1585 4368 1628 4455 ἢ
1675 4368 1797 4456 οὐχ
1844 4369 2017 4435 οὕτω
2067 4371 2188 4435 σὸν
2234 4370 2551 4454 ἔγκλημα;
2608 4367 2859 4434 Cicero:

506 4493 658 4537 nam
701 4476 838 4539 iure
881 4479 1229 4543 exulantem
1273 4478 1580 4544 consolari
1621 4499 1748 4543 non
1792 4482 2043 4562 oportet,
2094 4475 2460 4541 Musonius:
2515 4486 2657 4554 πῶς
2698 4498 2861 4542 ποτε
