3309 5167
1407 355 1835 417 -71-

445 513 722 579 relatum
767 513 1045 599 legimus
1092 513 1262 598 apud
1308 512 1475 579 Plut.
1513 533 1579 578 π.
1608 518 1999 597 φιλοπλουτ.
2034 535 2081 577 c.
2116 514 2151 578 7
2201 536 2259 598 p.
2298 514 2457 581 526:
2515 514 2788 579 mortuis

443 619 738 706 patribus

762 726 1096 813 γυμνάσια
1142 724 1201 792 δ’
1259 717 1436 793 οἷσιν
1481 724 1808 813 ἐνετράφη
1854 728 2111 813 Δίρκης
2155 725 2232 793 θ’
2283 728 2466 815 ὕδωρ

442 856 882 941 παρώδευται,
918 852 1043 919 κᾶν
1079 858 1228 938 εἴπῃ
1264 872 1389 929 τις·
1429 851 1593 935 ,,οὐκ
1620 851 1871 937 ἀκούσῃ
1899 861 2019 918 τοῦ
2046 855 2426 937 φιλοσόφου
2438 852 2497 932 ;“
2531 857 2825 937 ,,πόθεν·

444 961 620 1046 ἐμοί;
666 964 902 1046 φησίν·
950 960 1030 1025 οὐ
1077 957 1365 1045 σχολάζω
1412 968 1532 1039 τοῦ
1580 960 1829 1045 πατρὸς
1871 961 2332 1043 τεθνηκότος.“
2463 970 2470 987 “

620 1068 796 1145 Quae
841 1066 1043 1153 igitur
1079 1067 1159 1131 ad
1205 1064 1579 1131 recentioris
1619 1064 1911 1151 Cynismi
1958 1067 2171 1132 fontes
2214 1066 2675 1155 revocavimuS‚
2720 1070 2789 1135 id

444 1197 778 1240 commune
823 1174 1082 1259 habent,
1127 1178 1202 1238 ut
1245 1172 1411 1238 nihil
1458 1173 1618 1237 certi
1657 1174 2088 1258 profiteantur
2133 1174 2210 1238 de
2249 1174 2499 1241 ratione
2547 1199 2621 1241 ac
2666 1176 2786 1263 via,

444 1306 572 1367 qua
607 1282 768 1347 illud
804 1287 1019 1358 καλῶς
1056 1287 1346 1367 χρῆσθαι
1383 1291 1522 1357 τοῖς
1558 1280 1940 1366 πράγμασιν
1975 1280 2099 1345 tibi
2137 1302 2511 1367 comparare
2546 1282 2786 1368 possis:

442 1396 635 1475 atque
681 1391 804 1455 hoc
847 1389 1062 1475 ipsum
1109 1386 1355 1452 accedit
1398 1386 1468 1451 in
1513 1386 1633 1471 616,
1692 1410 1855 1471 quae
1902 1389 1983 1452 ad
2028 1386 2406 1454 Aristonem
2450 1390 2784 1455 referenda

443 1520 581 1563 esse
615 1496 1230 1562 commentationum
1265 1495 1526 1560 illarum
1564 1496 2001 1582 cognovimUS‚
2040 1518 2186 1561 cum
2222 1496 2291 1561 in
2329 1496 2422 1561 eis
2461 1497 2785 1583 doceatur,

440 1608 772 1692 φρόνησιν
818 1609 930 1669 aut
976 1606 1295 1689 λογισμόν
1340 1607 1454 1667 aut
1499 1611 1668 1667 νοῦν
1715 1602 2078 1668 adhibenda
2124 1626 2280 1688 esse,
2326 1608 2401 1669 ut
2447 1605 2638 1670 rebus
2682 1605 2781 1670 uti

439 1712 790 1798 possimuS,
844 1712 1046 1795 κενὴν
1101 1709 1303 1789 δόξαν
1357 1713 1573 1774 autem
1629 1731 1888 1775 causam
1943 1708 2351 1775 miseriarum
2406 1733 2562 1777 esse.
2658 1710 2783 1778 Sed

440 1843 584 1885 cum
630 1819 889 1905 singula
931 1840 1048 1903 per
1088 1817 1382 1882 libellum
1418 1837 1484 1881 π.
1513 1826 1735 1901 φυγῆς
1770 1816 1900 1881 iam
1937 1840 2134 1901 supra
2168 1818 2776 1903 perlustraverimus

437 1932 631 2013 atque
668 1926 841 1991 idem
876 1948 992 2011 per
1027 1925 1153 1989 duo
1193 1923 1323 1989 alia
1359 1922 1601 2009 scripta
1637 1920 1732 2011 (π.
1763 1924 2090 2009 εὐθυμίας
2126 1930 2192 1990 et
2228 1947 2295 1991 π.
2323 1925 2496 2011 ἀρετ.
2524 1950 2581 1991 κ.
2608 1924 2781 2014 κακ.)

437 2034 679 2098 Heinze
725 2032 952 2098 fecerit
998 2033 1065 2119 (l.
1105 2036 1208 2118 6.),
1259 2056 1464 2116 pauca
1505 2055 1634 2116 per.
1668 2030 1797 2096 alia
1841 2031 2085 2117 scripta
2128 2032 2444 2117 dissipata
2490 2034 2779 2100 adiciam.

437 2141 635 2205 Velut
709 2140 778 2205 in
841 2140 956 2205 illo
1024 2138 1358 2204 Plutarchi
1420 2161 1487 2204 π.
1532 2140 1733 2223 τύχης
1796 2138 2021 2204 libello
2088 2163 2280 2226 quem
2344 2140 2784 2207 Duemmler

437 2246 734 2312 Aristoni
799 2245 1152 2312 vindicavit
1216 2247 1537 2327 (Akadem.
1576 2269 1636 2331 p.
1677 2247 1802 2310 211
1828 2246 1994 2332 sqq.)
2052 2245 2143 2311 sic
2199 2246 2239 2331 ἡ
2297 2250 2623 2335 φρόνησις
2680 2250 2782 2314 (16-

435 2354 660 2420 finitur
706 2351 870 2442 (cap.
911 2356 951 2420 6
997 2378 1057 2439 p.
1098 2356 1183 2419 99
1202 2352 1318 2441 E):
1372 2354 1454 2419 οὐ
1500 2356 1780 2440 χρυσίον
1827 2350 2009 2419 ἐστὶν
2055 2351 2201 2418 οὐδ’
2253 2354 2577 2442 ἀργύριον
2622 2352 2782 2422 οὐδὲ

436 2462 594 2542 δόξα
649 2458 807 2527 οὐδὲ
861 2466 1146 2539 πλοῦτος
1199 2458 1346 2526 οὐδ’
1405 2460 1624 2542 ὑγίεια
1680 2458 1827 2525 οὐδ’
1890 2462 2076 2546 ι’σχὺς
2130 2458 2289 2527 οὐδὲ
2342 2461 2613 2546 κάλλος,
2669 2464 2780 2527 sed

434 2572 508 2635 τὸ
564 2578 725 2635 πᾶσι
779 2570 1040 2645 τούτοις
1093 2574 1310 2646 καλῶς
1362 2575 1653 2654 χρῆσθαι
1709 2566 2104 2652 δυνάμενον.
2147 2603 2226 2615 —--
2271 2568 2397 2633 Pro
2454 2570 2776 2655 φρονήσει

435 2672 540 2762 (τὸ
587 2688 868 2761 φρονεῖν
912 2698 978 2742 π.
1018 2675 1254 2761 εὐθυμ.
1293 2699 1345 2740 6.
1372 2678 1442 2755 4)
1488 2675 1681 2740 modo
1726 2675 1765 2741 ὁ
1810 2677 2043 2758 λόγος
2088 2675 2426 2761 reponitur
2472 2676 2566 2765 (π.
2604 2678 2778 2765 ἀρετ.

435 2806 492 2846 κ.
521 2806 660 2847 κακ.
699 2804 747 2846 c.
777 2784 820 2846 4
865 2783 1180 2866 τοιαύτην
1227 2783 1262 2848 ὁ
1307 2784 1538 2863 λόγος
1584 2780 1845 2866 ἐμποιεῖ
1875 2790 1954 2866 τῇ
1991 2791 2170 2867 ψυχῇ
2210 2782 2520 2850 διάθεσιν
2558 2807 2607 2849 6.
2641 2809 2697 2870 q.
2729 2810 2777 2851 6.

435 2889 512 2953 cf.
559 2910 626 2954 π.
674 2886 911 2974 εὖθυμ.
959 2910 1008 2953 6.
1047 2890 1116 2973 43
1169 2888 1379 2953 Laert.
1420 2887 1608 2973 Diog.
1649 2887 1773 2973 VI,
1812 2885 1931 2975 29)
1978 2888 2170 2954 modo
2216 2889 2257 2973 ἡ
2304 2890 2537 2976 ἀρετή
2584 2891 2777 2975 (Plut.

432 3016 632 3079 quom.
688 2996 846 3061 codol.
882 3000 1041 3078 poet.
1089 2997 1231 3061 atad.
1278 2996 1402 3061 deb.
1450 3016 1499 3059 c.
1552 2996 1636 3060 14
1678 3018 1740 3079 p.
1790 2997 1874 3061 36
1903 2995 1991 3060 D:
2044 3000 2275 3079 poetae
2331 2998 2529 3062 verba
2584 3022 2778 3083 quae-

432 3104 580 3168 dam
635 3096 744 3190 ἀρ’
795 3101 916 3167 οὐκ
971 3100 1305 3180 ἀπόδειξίς
1360 3100 1569 3184 ἐστιν,
1625 3096 1722 3167 ὧν
1778 3103 1849 3167 οἱ
1898 3104 2261 3187 φιλόσοφοι
2314 3102 2581 3187 λέγουσι
2626 3106 2779 3192 περὶ

429 3212 724 3278 πλούτου
777 3208 889 3275 καὶ
934 3220 1070 3275 τῶν
1116 3208 1300 3287 ἐκτὸς
1349 3209 1628 3292 ἀγαθῶν
1675 3209 1765 3288 ὡς
1807 3206 2043 3296 χωρὶς
2088 3209 2366 3296 ἀρετῆς
2410 3211 2778 3298 ἀνωφελῶν

431 3321 645 3384 ὄντων
697 3315 808 3383 καὶ
872 3317 1216 3399 ἀνονήτων
1277 3328 1418 3393 τοῖς
1481 3318 1705 3402 ἔχουσι
1716 3314 1788 3404 ;),
1864 3340 2025 3402 quae
2092 3318 2416 3402 quomodo
2481 3318 2651 3384 inter
2706 3343 2775 3385 se

418 3424 816 3503 ‘cohaereant
879 3423 1090 3489 infra·
1124 3423 1344 3507 paucis
1411 3422 1731 3507 explicare
1795 3422 1864 3488 in
1928 3422 2143 3489 animo
2214 3428 2327 3489 est.
2434 3425 2647 3492 Virtus
2710 3432 2776 3494 et

431 3530 676 3596 malitia
719 3531 889 3595 inter
935 3554 1002 3595 66
1059 3534 1477 3615 opponuntur
1531 3534 1725 3616 atque
1782 3530 2205 3596 similitudine
2259 3531 2330 3597 ni
2383 3532 2576 3599 fallor
2629 3553 2777 3601 vere

431 3636 780 3703 Aristonea
841 3637 1244 3722 explicantur
1307 3638 1376 3703 in
1432 3636 1572 3703 Sen.
1630 3660 1741 3723 ep..
1774 3640 1886 3724 31,
1932 3638 2001 3705 5:
2060 3639 2169 3721 fae
2221 3644 2277 3703 te
2329 3640 2459 3722 ipse
2505 3642 2775 3722 felicem:

426 3746 619 3828 facies
653 3750 856 3810 autem
895 3746 954 3810 si
987 3746 1356 3811 intellexeris
1401 3744 1585 3810 bona
1621 3765 1762 3829 esse,
1798 3746 2018 3829 quibus
2060 3747 2345 3811 admioeta
2380 3752 2468 3812 est
2510 3749 2777 3828 virtuS,

429 3854 686 3935 turpia
727 3851 946 3933 quobus
988 3853 1286 3920 malitia
1330 3852 1654 3918 coniuncta
1699 3858 1797 3918 est.
1889 3852 1982 3918 Ut
2025 3851 2191 3917 nihil
2236 3852 2323 3917 sit
2366 3854 2774 3939 splendidum

429 3960 568 4025 sine
605 3958 766 4044 luce,
810 3957 977 4023 nihil
1012 3964 1227 4024 atrum
1264 3955 1400 4025 sine
1439 3958 1741 4044 tenebris,
1788 3964 1862 4024 ut
1896 3957 2064 4026 nihil
2102 3960 2380 4025 calidum
2425 3960 2562 4026 sine
2608 3961 2776 4047 igne,

427 4225 622 4293 Neque
659 4222 835 4293 igitur
873 4239 940 4277 ex
975 4222 1065 4277 his
1103 4222 1252 4278 effici
1283 4226 1488 4294 potest,
1525 4225 1885 4294 Megarenses
1912 4227 2137 4293 praeter
2164 4226 2378 4279 ceteros
2405 4225 2772 4295 μικρολόγους

428 4313 600 4367 fuisse
649 4330 834 4382 neque
879 4344 946 4353 —-
993 4329 1120 4367 cum
1165 4312 1310 4367 nihil
1363 4314 1480 4367 tale
1537 4314 1607 4368 de
1655 4313 1738 4368 eis
1793 4313 2036 4367 sciamus
2078 4344 2138 4351 -
2178 4313 2320 4368 haec
2376 4330 2406 4367 6
2452 4313 2773 4385 Megarensi

431 4401 698 4471 scriptore
735 4401 1039 4472 sumpsisse
1076 4401 1441 4458 Plutarchum
1476 4403 1631 4457 velut
1670 4420 1700 4457 6
1730 4400 1947 4458 Telete:
1986 4404 2156 4471 atque
2192 4401 2321 4457 ideo
2359 4402 2585 4461 omnino
2623 4405 2771 4463 tanti

429 4505 549 4544 esse
584 4490 809 4560 putavi,
848 4491 1000 4560 quod
1037 4492 1384 4546 adnotarem.
