3309 5167
1507 408 1580 415 --
1680 370 1933 435 82.-

549 529 859 616 Diogenis
898 529 1278 615 exemplum,
1326 530 1498 614 quod
1537 552 1733 614 supra
1769 529 1865 595 ita
1896 529 2190 595 adhiberi
2230 529 2525 614 vidimus,
2572 535 2647 594 ut
2683 528 2742 594 ei
2780 528 2891 613 qui

550 628 815 703 exilium
867 636 1260 723 ignominiae
1315 660 1454 703 esse
1507 641 1743 721 putant
1799 637 2257 722 refutarentur,
2313 637 2611 721 quodque
2665 636 2773 702 hie
2816 637 2893 699 de

511 747 740 811 ·rebus
789 746 1070 811 externis
1119 744 1364 811 dictum
1410 745 1695 830 affertur,
1742 745 1912 828 apud
1948 743 2320 809 Musonium
2360 744 2441 808 ad
2478 743 2892 809 exercendam

546 852 854 919 virtutem
923 856 1173 937 spectat
1241 874 1299 935 p.
1352 854 1461 937 71,
1518 853 1624 917 19:
1692 852 1821 935 ἤδη
1895 850 1973 917 δέ
2025 869 2159 918 τισι
2216 849 2325 916 καὶ
2385 851 2759 917 παντάπασι
2816 854 2893 917 τὸ

547 962 826 1045 φεύγειν
862 961 1287 1043 συνήνεγκεν,
1333 959 1551 1045 ὥσπερ
1595 956 1930 1043 Διογένει,
1980 958 2055 1036 ὃς
2100 958 2171 1024 ἐκ
2216 956 2337 1043 μὲν
2385 959 2658 1024 ἰδιώτου
2704 961 2893 1044 φιλό-

547 1083 757 1152 σοφος
830 1066 1088 1149 ἐγένετο
1162 1066 1430 1151 φυγών,
1493 1063 1641 1131 ἀντὶ
1712 1062 1787 1131 δὲ
1849 1074 1969 1131 τοῦ
2022 1072 2365 1150 καθῆσθαι
2422 1068 2519 1143 εἰς
2572 1067 2893 1149 Σινώπην

549 1173 894 1261 διέτρεψεν
942 1172 1014 1239 ἐν
1057 1182 1137 1259 τῇ
1176 1171 1463 1257 Ἑλλάδι,
1509 1170 1781 1256 ἀσκήσει
1821 1169 1894 1239 δὲ
1930 1182 2008 1261 τῇ
2045 1174 2212 1260 πρὸς
2246 1171 2491 1260 ἀρετὴν
2524 1184 2662 1239 τῶν
2705 1179 2894 1259 φιλο-

545 1284 776 1366 σόφων
813 1266 1183 1364 διήνεγκενζ
1205 1318 1288 1327 —-
1328 1278 1683 1345 Stratoniei
1718 1279 1995 1364 hospitis
2034 1279 2233 1345 comis
2274 1279 2641 1345 adhortatio
2678 1280 2890 1345 minus

544 1392 692 1472 apte
739 1410 778 1453 a
812 1387 1162 1453 Plutarcho
1208 1387 1336 1451 huc
1376 1385 1564 1451 ‚illata
1611 1408 1749 1451 esse
1787 1386 2043 1451 videtur
2079 1408 2282 1471 usque
2321 1398 2581 1471 quaque
2612 1386 2891 1471 patriam

543 1495 826 1561 hominis
881 1518 1020 1561 esse
1074 1496 1623 1579 demonstratum,
1683 1495 1852 1561 ὅπου
1900 1491 2009 1559 καὶ
2058 1494 2187 1583 ὅτῳ
2232 1496 2517 1579 μετρίων
2561 1496 2727 1581 πρὸς
2770 1495 2889 1560 τὸν

544 1606 696 1688 βίον
741 1603 1054 1689 εὐπορεῖν
1099 1600 1530 1686 συμβέβηκεν.
1546 1599 1599 1688 1)

718 1710 833 1775 ΙΙΙ.
885 1713 939 1776 1.
996 1710 1171 1787 Quae
1206 1707 1396 1773 initio
1435 1730 1584 1792 cap.
1618 1710 1658 1775 8
1705 1708 1946 1793 legitur
1982 1707 2303 1773 sententia
2346 1707 2431 1773 ἂν
2468 1709 2595 1794 γὰρ
2643 1717 2889 1794 σκοπῇς

545 1820 707 1885 ἄνευ
752 1826 949 1902 κενῆς
994 1816 1190 1900 δόξης
1232 1816 1356 1899 τὴν
1401 1813 1753 1900 ἀλήθειαν,
1790 1816 1825 1881 ὁ
1869 1818 2029 1900 μίαν
2072 1818 2271 1881 πόλιν
2318 1817 2487 1900 ἔχων
2532 1813 2718 1894 ξένος
2755 1813 2891 1881 ἐστὶ

544 1937 679 1991 τῶν
733 1926 956 1991 ἄλλων
1009 1917 1284 1990 ἀπασῶν
1312 1902 1447 1989 ’καὶ
1503 1919 1876 2006 ἀλλότριος·
1934 1922 2015 1987 οὐ
2068 1922 2194 2008 γὰρ
2252 1923 2438 1987 δοκεῖ
2482 1923 2688 1988 καλὸν
2735 1918 2892 1987 οὐδὲ

545 2033 806 2097 δίκαιον
869 2026 1042 2097 εἶναι
1105 2034 1550 2097 καταλιπόντα
1612 2030 1737 2113 τὴν
1801 2027 2039 2095 ἑαυτοῦ
2097 2028 2325 2113 νέμειν
2381 2027 2611 2115 ἑτέραν
2669 2053 2799 2115 cap.
2850 2032 2891 2096 3

542 2162 601 2223 p.
641 2140 774 2205 600
789 2138 852 2203 Α
910 2138 1333 2203 similitudine
1393 2136 1801 2203 cochlearum
1854 2135 2247 2222 illustratur,
2303 2159 2466 2221 quae
2519 2137 2685 2201 nihil
2738 2137 2892 2203 boni

541 2247 802 2329 habent,
831 2245 957 2310 nisi
987 2246 1158 2331 quod
1188 2268 1334 2310 eum
1361 2245 1550 2309 testis
1581 2243 1975 2330 coaluerunt,
2004 2244 2225 2309 eadem
2243 2244 2527 2309 breviter
2546 2243 2893 2329 attingitur

544 2353 730 2438 infra,
776 2352 889 2416 ubi
936 2353 1017 2416 ad
1062 2353 1235 2417 hunc
1280 2351 1751 2418 sententiarum
1794 2374 2033 2417 nexum
2067 2351 2453 2417 Plutarchus
2495 2350 2663 2416 redit
2699 2350 2892 2416 inter-

541 2459 774 2544 positis
819 2460 1140 2544 capitibus
1179 2443 1328 2545 illis,
1377 2481 1538 2543 quae
1576 2458 1642 2522 id
1682 2462 1977 2543 spectant
2013 2462 2088 2522 ut
2123 2458 2193 2522 in
2228 2458 2507 2523 insulam
2544 2458 2889 2545 religatum

543 2567 982 2651 consolentur,
1049 2589 1097 2631 c.
1142 2569 1223 2633 12
1269 2590 1330 2652 p.
1371 2567 1528 2631 604:
1593 2563 1699 2631 σοὶ
1756 2559 1817 2629 δ’
1882 2565 2001 2650 οὐχ
2058 2562 2205 2642 ἑνὸς
2261 2564 2626 2651 δεδομένου
2679 2569 2890 2651 μόνον

541 2668 683 2740 ἀλλ’
739 2671 1186 2759 ἀπειρημένου
1241 2674 1450 2738 τόπου
1503 2683 1737 2738 πασῶν
1792 2670 1973 2738 ἐστιν
2028 2670 2290 2750 ἐξουσία
2346 2676 2607 2739 πόλεων
2650 2672 2691 2756 ἡ
2738 2683 2892 2758 μιᾶς

542 2782 844 2858 κώλυσις.
908 2779 1250 2844 Praeterea
1279 2778 1518 2843 similia
1543 2801 1677 2843 non
1709 2778 1836 2843 nisi
1863 2779 2034 2862 apud
2061 2777 2433 2844 Musonium
2460 2779 2891 2866 inveniuntur,

543 2887 655 2971 qui
699 2890 836 2951 tam
881 2908 1189 2971 magnum
1231 2908 1370 2951 esse
1406 2890 1603 2971 negat
1642 2886 1814 2970 quod
1850 2890 2035 2969 parte
2072 2892 2282 2951 terrae
2321 2890 2517 2971 atque
2552 2887 2890 2951 hominum

541 2994 760 3079 aliqua
803 2993 1154 3078 privemur:
1200 2996 1272 3059 τί
1311 3002 1506 3059 τοῦτο
1557 2994 1811 3072 δεινόν;
1858 2989 2018 3058 οὐδὲ
2063 2995 2188 3080 γὰρ
2237 3000 2407 3058 οἴκοι
2446 2997 2635 3071 ὄντες
2672 2993 2886 3079 ἁπάσῃ

541 3111 620 3188 τῇ
667 3111 749 3189 γῇ
797 3100 1143 3189 ἐχρώμεθα
1189 3096 1348 3165 οὐδὲ
1395 3096 1784 3191 ἀνθρώποις
1829 3101 2032 3167 ἅπασι
2080 3110 2374 3186 συνῆμεν
2409 3099 2500 3189 (p.
2532 3102 2632 3188 70,
2670 3099 2798 3189 15).

719 3211 777 3275 2.
818 3208 983 3274 Cum
1018 3208 1109 3273 eis
1149 3212 1366 3273 autem
1405 3230 1567 3291 quae
1605 3212 1965 3292 sequuntur
2000 3208 2323 3294 Σπάρταν
2360 3210 2605 3293 ἔλαχες,
2641 3210 2881 3274 ταύταν

542 3319 794 3401 κόσμει·
841 3316 966 3381 κᾶν
1011 3314 1248 3393 ἄδοξος
1302 3310 1374 3401 ᾗ,
1429 3314 1554 3381 κᾶν
1600 3316 1920 3399 νοσώδης,
1973 3314 2098 3381 κᾶν
2144 3316 2533 3401 ταράττηται
2582 3316 2887 3381 στάσεσιν

542 3419 658 3507 ὑφ’
698 3420 934 3507 ἑαυτῆς
959 3419 1068 3487 καὶ
1097 3422 1432 3509 πράγμασι
1461 3422 1550 3506 μὴ
1579 3422 2006 3504 ὑγιαίνουσιν
2034 3422 2378 3487 coniuncta
2404 3423 2574 3506 apud
2602 3422 2890 3487 Teletem

687 3618 739 3684 1)
779 3614 1112 3671 comoediae
1149 3632 1342 3670 versus
1369 3614 1648 3685 principio
1678 3616 1918 3669 fortasse
1948 3615 2125 3669 artius
2154 3632 2279 3669 cum
2306 3616 2731 3687 narratiuncula
2758 3633 2887 3670 con-

541 3704 719 3759 iuncti
758 3708 930 3759 erant.
997 3704 1252 3759 Ceterum
1295 3694 1643 3774 depravatus
1674 3708 1762 3759 est
1796 3705 1968 3773 locus,
2008 3722 2135 3759 cum
2164 3722 2358 3759 sensus
2386 3705 2607 3775 flagitet
2633 3706 2888 3760 versibus

540 3793 656 3847 illis
694 3793 854 3848 illam
892 3796 1264 3865 στενοχωρίαν
1299 3794 1530 3863 probari
1567 3794 1733 3864 (falso
1770 3793 1947 3864 igitur
1981 3794 2141 3848 Kock
2175 3794 2241 3849 fr.
2282 3793 2431 3850 Com.
2468 3796 2495 3849 I
2522 3813 2575 3865 p.
2617 3800 2681 3849 79
2722 3796 2795 3849 ad
2828 3795 2889 3849 id

541 3885 762 3953 tempus
815 3883 958 3937 haec
1002 3882 1197 3937 referri
1241 3882 1390 3952 vult,
1438 3899 1550 3950 quo
1598 3882 1864 3952 Seriphus
1877 3926 1890 3952 ,
1948 3884 2252 3953 antequam
2296 3882 2569 3953 Gorgonis
2617 3884 2805 3955 capite
2852 3902 2889 3939 a

541 3972 743 4027 Perseo
771 3972 832 4027 in
858 3988 1056 4042 rupem
1081 3973 1304 4025 mutata
1332 3972 1495 4040 esset,
1533 3970 1809 4042 frugifera
1836 3972 1995 4041 erat).
2044 3971 2395 4042 scripserunt
2430 3970 2575 4027 ὅσων
2612 3972 2764 4046 (οὐ)
2800 3976 2893 4027 δεῖ

543 4062 741 4130 Cobet,
798 4061 999 4116 melius
1047 4059 1218 4115 πάντ’
1269 4055 1636 4135 (ἐπιπόνως)
1681 4060 1888 4114 Reiske
1901 4104 1915 4129 ‚
1971 4059 2183 4116 σπάνια
2228 4078 2329 4131 pro
2375 4062 2564 4116 πάντα
2608 4062 2885 4129 Duebner‚

542 4150 744 4218 quibus
784 4168 978 4205 sensus
1014 4152 1200 4205 rectus
1239 4149 1503 4205 efficitur:
1539 4166 1735 4204 verum
1770 4149 2161 4218 Wachsmuth,
2201 4150 2298 4219 qui
2332 4167 2513 4219 neque
2540 4150 2601 4204 in
2626 4151 2717 4205 his
2744 4150 2884 4204 mihi

544 4238 738 4308 defuit,
776 4239 989 4294 vidisse
1025 4240 1168 4295 mihi
1202 4239 1428 4295 videtur
1462 4256 1737 4310 reponens
1774 4238 2072 4314 <σπάνια>
2107 4238 2319 4305 πάντας
2366 4239 2519 4294 idem
2554 4243 2705 4295 recte
2742 4240 2884 4293 illud

541 4328 612 4383 τὰ
645 4337 788 4383 σῦκα
823 4335 947 4392 ταῖς
983 4328 1324 4398 σφενδόναις
1360 4332 1681 4400 τρυγᾶσθαι
1716 4326 1801 4383 ita
1829 4328 2124 4399 explicare,
2163 4332 2228 4383 ut
2254 4330 2375 4383 tam
2402 4329 2571 4385 duras
2600 4332 2660 4383 et
2687 4329 2883 4383 imma-

539 4420 696 4471 turas
745 4435 865 4473 esse
912 4419 1046 4473 ficos
1096 4406 1356 4486 dicatur‚·
1389 4433 1528 4487 quas
1567 4417 1759 4473 fundis
1798 4418 2015 4473 deicere
2053 4436 2193 4488 opus
2232 4418 2330 4487 sit,
2378 4436 2505 4473 cum
2543 4418 2732 4473 decuti
2768 4436 2883 4473 non

539 4506 772 4576 possint.
2479 4506 2487 4513 ’
