3309 5167
1431 314 2037 397 -115-'

669 493 726 555 6.
781 491 1004 555 Talem
1051 490 1255 575 igitur
1298 513 1414 574 per
1459 514 1680 556 omnes
1718 492 1837 555 has
1876 489 2286 574 quaestiones
2324 490 2653 556 Aristonis
2692 493 2834 556 doc-

487 597 728 662 trinam
779 596 1140 681 accepimus
1152 648 1168 681 ,
1223 601 1298 661 ut
1351 596 1616 662 minime
1673 597 2009 662 ἀπάθειαν
2068 597 2251 662 illam
2304 600 2635 682 amplexus
2692 621 2832 663 esse

488 704 811 787 putandus
860 703 964 789 sit,
1019 726 1408 788 quamquam
1451 704 1520 769 id
1565 704 1782 788 ipsum
1827 709 1903 769 ut
1948 705 2167 769 credas
2216 703 2546 769 Ciceronis
2594 705 2833 770 iudicio

487 810 884 895 perducaris,
949 810 1061 895 qui
1123 810 1420 875 omnibus
1478 809 1640 875 locis
1698 812 1774 875 de
1832 834 2054 875 severa
2109 810 2437 876 Aristonis
2495 811 2836 896 disciplina

487 917 793 1012 loquitur.
886 916 1118 983 Nonne
1163 918 1402 983 mirum
1448 942 1587 984 esse
1633 919 1917 1003 videtur,
1966 920 2140 1003 quod
2187 919 2395 983 eidem
2439 918 2579 983 viro
2626 942 2665 982 a
2712 918 2835 983 dis-

489 1023 720 1108 cipulis
758 1023 1208 1109 Apollophane
1257 1031 1322 1090 et
1357 1025 1795 1091 Eratosthene
1842 1027 2203 1111 φιληδονία
2250 1025 2504 1090 crimini
2548 1026 2700 1089 data
2736 1030 2837 1089 est

489 1127 755 1217 (Athen.
783 1131 926 1215 VH,
964 1155 1023 1216 p.
1055 1134 1418 1217 2810sq.)‘?
1489 1134 1675 1210 Quod
1712 1134 2060 1219 malignius
2100 1132 2160 1197 ei
2198 1134 2661 1217 exprobratum
2698 1156 2837 1197 esse

455 1262 475 1275 ’
491 1260 882 1323 quamquam
934 1261 1050 1322 per
1105 1261 1172 1303 se
1223 1240 1575 1306 verisimile
1631 1246 1757 1325 est,
1812 1246 2031 1305 tamen
2085 1239 2371 1305 dubitari
2425 1262 2557 1304 non
2601 1245 2837 1324 potest,

489 1346 649 1429 quin
691 1346 906 1431 fuerit,
952 1348 1126 1431 quod
1162 1348 1630 1413 Eratosthenes
1668 1348 1933 1413 diceret:
1978 1349 2106 1431 ἤδη
2148 1346 2227 1412 δέ
2259 1370 2417 1412 ποτε
2452 1344 2562 1412 καὶ
2598 1354 2838 1412 τοῦτον

489 1454 848 1539 πεφώρακα
903 1454 1027 1537 τὴν
1069 1462 1187 1537 τῆς
1239 1455 1487 1539 ἡδονῆς
1531 1454 1642 1521 καὶ
1690 1455 1926 1541 ἀρετῆς
1970 1458 2358 1539 μεσότοιχον
2405 1455 2837 1539 διορύττοντα

487 1557 598 1624 καὶ
653 1560 1192 1646 ἀναφαινόμενον
1245 1564 1423 1649 παρὰ
1477 1572 1556 1649 τῇ
1612 1562 1842 1648 ἡδονῇ.
1931 1560 2148 1646 Atque
2203 1560 2365 1625 mihi
2422 1560 2682 1645 quidem
2729 1557 2838 1622 hic

485 1666 741 1731 videtur
795 1690 941 1732 cum
995 1668 1120 1733 hoc
1168 1668 1408 1733 diceret
1453 1671 1680 1735 eodem
1725 1670 1917 1734 modo
1964 1674 2039 1734 ut
2088 1666 2311 1733 Cicero
2358 1690 2490 1732 non
2536 1666 2697 1731 satis
2744 1665 2837 1730 in-

485 1774 810 1839 tellexisse
847 1776 1023 1839 illius
1061 1775 1496 1860 disciplinam:
1543 1799 1697 1841 nam
1730 1775 2028 1841 Aristoni
2067 1774 2329 1839 omnino
2366 1797 2497 1839 non
2537 1773 2863 1857 opposita-

484 1880 656 1946 inter
693 1904 761 1946 se
799 1887 983 1951 erant
1018 1882 1228 1947 virtus
1267 1888 1332 1947 et
1370 1884 1690 1969 voluptas,
1730 1884 1841 1947 sed
1880 1882 1950 1947 in
1986 1882 2321 1965 voluptate
2358 1887 2433 1945 ut
2469 1881 2539 1945 in
2576 1880 2837 1957 miseria

486 1987 553 2052 id
589 1988 918 2074 intererat,
955 1993 1177 2053 utrum
1206 1989 1518 2055 virtutem
1545 2013 1629 2054 an
1658 1990 1892 2054 vitium
1922 1990 2258 2073 probares3
2297 2011 2410 2053 cur
2436 1989 2838 2071 voluptatem

487 2095 776 2180 evitaret,
808 2095 1068 2161 omnino
1102 2096 1294 2179 plane
1320 2097 1490 2162 nihil
1514 2097 1816 2180 habebat,
1845 2096 1912 2159 id
1942 2096 2114 2180 quod
2140 2096 2558 2160 confirmatur
2581 2111 2837 2190 σωφρο-

489 2204 693 2285 σύνης
746 2202 862 2267 illa
911 2202 1312 2289 definitione,
1369 2226 1532 2288 quae
1579 2203 1639 2267 ei
1687 2207 1789 2267 est
1832 2202 2040 2267 virtus
2091 2192 2456 2285 ἐπιθυμίαν
2499 2212 2837 2286 κοσμοῦσα

485 2308 595 2373 καὶ
641 2311 716 2375 τὸ
763 2308 1033 2395 μέτριον
1077 2308 1187 2375 καὶ
1233 2312 1307 2376 τὸ
1356 2312 1669 2396 εὔκαιρον
1717 2310 1798 2375 ἐν
1841 2309 2173 2392 ἡδοναῖς
2218 2309 2546 2394 ὁρίζουσα.
2561 2308 2611 2395 1)

668 2420 725 2481 7.
789 2417 895 2481 Ita
941 2423 1158 2482 autem
1195 2418 1252 2482 si
1290 2417 1651 2483 doctrinam
1690 2416 1837 2482 Chii
1875 2416 2321 2501 intelligimus,
2368 2415 2702 2480 simillima
2738 2422 2836 2481 est

489 2523 910 2608 condiscipuli
946 2525 1084 2590 eius
1122 2524 1358 2591 Herilli
1394 2524 1757 2610 disciplina,
1794 2524 1861 2588 id
1900 2524 2072 2609 quod
2101 2528 2271 2588 recte
2298 2522 2430 2587 iam
2459 2523 2837 2609 cognovisse

488 2630 742 2695 videtur
781 2630 947 2717 Saal,
986 2632 1097 2717 qui
1135 2632 1204 2697 in
1242 2633 1459 2696 animo
1496 2632 1783 2696 habebat
1816 2631 1931 2716 „de
1960 2628 2268 2694 Aristone
2299 2627 2462 2694 Chio
2492 2635 2557 2693 et
2584 2629 2836 2694 Herillo

491 2734 724 2801 Stoicis
747 2739 1393 2803 commentationem“
1413 2738 1834 2822 conscribere,
1865 2759 2259 2821 quamquam
2277 2735 2559 2820 priorem
2579 2740 2837 2801 tantum

491 2842 744 2907 consilii
789 2849 1042 2928 partem
1078 2850 1453 2929 persecutus
1491 2849 1606 2913 est,
1629 2843 1881 2931 (Progr.
1914 2843 2133 2908 Golon.
2174 2840 2389 2931 1852).
2474 2842 2837 2909 Discrimen

488 2927 555 3012 id
611 2953 710 3014 est
763 2955 838 3015 ut
891 2975 1009 3035 pro
1064 2952 1440 3017 notionibus
1498 2952 1733 3036 ἀρετῆς
1788 2956 1855 3015 et
1898 2954 2129 3028 κακίας
2172 2950 2462 3014 Herillus
2510 2949 2836 3015 induxerit

488 3054 850 3142 ἐπιστήμην
905 3064 971 3123 et
1025 3061 1330 3142 ἀγνοιανε
1386 3063 1460 3124 ut
1494 3058 1719 3145 ‘igitur
1762 3058 1987 3123 Aristo
2042 3057 2230 3135 τέλος·
2274 3080 2413 3122 esse
2461 3058 2715 3121 dicebat
2759 3060 2833 3123 τὸ

486 3162 870 3251 ἀδιαφόρως
907 3168 1140 3251 ἔχοντα
1179 3170 1296 3251 ζῆν
1330 3169 1496 3251 πρὸς
1531 3169 1612 3237 τά
1648 3165 1889 3250 μεταξὺ
1926 3165 2159 3252 ἀρετῆς
2194 3164 2304 3230 καὶ
2340 3169 2589 3248 κακίας,
2628 3164 2835 3230 simile

485 3270 722 3336 dixisse
761 3272 1086 3338 Herillum
1130 3278 1397 3359 apparet
1434 3274 1491 3338 si
1529 3275 1655 3338 duo
1693 3273 1807 3337 illa
1842 3273 2053 3345 Laert.
2092 3272 2281 3358 Diog.
2321 3272 2655 3337 enuntiata
2692 3294 2837 3336 con-

485 3378 840 3463 iungimus:
913 3379 1237 3446 Herillum
1309 3380 1496 3457 τέλος
1563 3403 1701 3445 esse
1768 3380 2004 3445 dixisse
2072 3383 2188 3463 ζῆν
2250 3378 2353 3444 ἀεὶ
2417 3377 2608 3444 πάντ’
2678 3379 2835 3444 ἀνα-

488 3485 778 3572 φέροντα
831 3490 998 3573 πρὸς
1051 3490 1126 3555 τὸ
1185 3486 1322 3573 μετ’
1386 3488 1741 3572 ἐπιστήμης
1796 3491 1913 3570 ζῆν
1966 3484 2075 3551 καὶ
2130 3485 2217 3571 μὴ
2272 3495 2349 3571 τῇ
2406 3486 2642 3573 ἀγνοίᾳ
2694 3488 2835 3551 δια-

489 3593 898 3677 βεβλημένον
944 3592 1118 3682 (VII,
1154 3593 1307 3682 165)
1364 3601 1432 3660 et
1485 3618 1634 3659 eum
1688 3593 1980 3659 docuisse
2033 3595 2113 3658 τά
2160 3592 2401 3678 μεταξὺ
2448 3592 2682 3678 ἀρετῆς
2726 3592 2835 3658 καὶ

486 3704 718 3776 κακίας
754 3697 887 3787 (vel
921 3701 1138 3785 potius
1178 3701 1234 3767 si
1281 3702 1486 3787 ipsius
1528 3703 1727 3767 verba
1765 3701 2107 3766 restituere
2143 3700 2441 3765 volumus
2479 3702 2559 3764 τὰ
2596 3700 2837 3784 μεταξὺ

490 3805 845 3891 ἐπιστήμης
900 3807 1010 3874 καὶ
1065 3806 1367 3897 ἀγνοίας)
1426 3807 1763 3895 ἀδιάφορα
1820 3804 2009 3874 εἶναι.
2099 3806 2204 3871 Ad
2260 3806 2463 3871 vitam
2514 3806 2716 3891 igitur
2761 3811 2835 3870 ut

565 4032 569 4035 ·
631 4020 683 4087 1)
722 4019 848 4087 Ipse
884 4019 1283 4075 Eratosthenes
1328 4036 1398 4073 ne
1433 4019 1786 4074 Phaeacibus
1836 4017 2055 4073 crimini
2094 4018 2321 4070 daretur
2357 4016 2535 4070 nimia
2570 4010 2832 4087 voluptas

485 4124 708 4163 versum
743 4106 908 4162 illum

839 4196 875 4265 ἢ
913 4196 996 4253 ὅτ’
1040 4200 1356 4269 εὐφροσύνη
1396 4199 1500 4270 μὲν
1537 4198 1636 4272 ἔχῃ
1674 4198 1818 4253 κατὰ
1855 4200 2035 4268 δῆμον
2073 4196 2300 4250 ἅπαντα
2340 4198 2383 4266 (ι
2412 4199 2466 4265 5)

488 4287 730 4341 correxit
765 4287 1014 4343 scribens

844 4374 880 4445 ἢ
919 4376 1002 4433 ὅτ’
1045 4379 1363 4448 εὐφροσύνη
1402 4378 1505 4447 μὲν
1543 4376 1642 4450 ἔχῃ
1680 4382 2055 4444 κακότητος
2093 4374 2415 4443 ἀπούσης.

489 4464 567 4520 Cf.
605 4465 892 4536 Kiessling
927 4468 1002 4521 ad
1038 4468 1169 4523 Hor.
1200 4484 1286 4537 ep.
1315 4469 1358 4536 I,
1387 4474 1438 4535 2,
1467 4473 1550 4521 27.

2332 4553 2403 4605 8*
