3309 5167
339 2662 344 2665 ·
449 2635 560 2699 διὰ
596 2635 670 2700 τὸ
701 2636 1064 2719 σύμπτωμα
1100 2646 1296 2701 τοῦτο
1325 2641 1567 2723 χείρων

1407 439 1481 446 ,-
1579 400 1835 465 59,-

629 565 686 628 2.
753 561 970 648 Atque
1037 561 1105 626 in
1170 561 1314 647 ipso
1367 583 1433 626 π.
1481 549 1807 645 εὐθυμίας
1871 560 2093 625 libello
2151 559 2433 646 plurima
2486 560 2791 645 leguntur

453 692 674 735 eorum
731 694 893 756 quae
949 671 1140 735 modo
1197 670 1268 735 in
1322 668 1861 733 commentatione
1906 691 1972 735 π.
2010 677 2231 754 φυγῆς
2274 668 2662 753 invenimus,
2718 672 2793 732 ut

451 781 723 863 utraque
763 777 987 843 eodem
1025 801 1058 842 6
1094 777 1274 842 fonte
1311 775 1572 843 fluxisse
1609 776 2027 843 manifestum
2064 776 2167 842 sit
2245 774 2566 893 Compara
2600 776 2791 841 modo

449 884 608 949 haee
653 884 824 949 inter
869 906 963 949 se:

848 1032 914 1075 π.
952 1019 1172 1095 φυγῆς
2020 1031 2087 1075 π.
2126 1008 2453 1097 εὐθυμίας

541 1117 678 1201 (1.1.
744 1126 878 1181 τῶν
941 1118 1194 1200 λόγων
1257 1116 1568 1201 ἀρίστους
1764 1139 1815 1182 6.
1859 1117 1911 1180 1.
1977 1116 2345 1201 ἡγούμενος
2398 1114 2507 1182 καὶ
2555 1112 2629 1180 σὲ
2674 1117 2792 1181 τὸν

447 1220 559 1289 ’καὶ
597 1224 1064 1307 βεβαιοτάτους
1087 1274 1133 1289 ..
1159 1223 1366 1309 φασὶν
1396 1220 1567 1291 εἶναι
1675 1226 1918 1307 λόγον
1953 1232 2193 1289 τοῦτον
2222 1273 2237 1287 .
2260 1274 2275 1287 .
2310 1218 2591 1309 χρείας
2614 1226 2793 1307 βοη-

451 1334 606 1408 τοὺς
640 1329 712 1395 ἐν
738 1342 883 1407 ταῖς
911 1344 1285 1418 συμφοραῖς
1320 1335 1565 1417 παρόν-
1675 1337 2009 1439 θητιζιῆς
2054 1328 2305 1419 (ἕνεκα)
2353 1329 2691 1414 ἐπιζητεῖν.

448 1435 1564 1523 ταςώφελίμωςκαὶβοηθοῦντας.

540 1546 707 1612 ὅπου
755 1544 818 1612 δ’
871 1546 1036 1611 αὐτὰ
1081 1548 1162 1612 τὰ
1217 1548 1565 1634 πράγματα
1764 1569 1812 1611 6.
1847 1548 1945 1611 17.
1996 1542 2193 1633 (ἐπεὶ)
2220 1547 2302 1611 τά
2333 1551 2606 1611 πλεῖστα
2636 1542 2795 1629 δόξῃ

451 1654 728 1717 δίδωσιν
772 1654 902 1720 ὑπὸ
940 1662 1061 1719 τοῦ
1107 1656 1312 1738 λόγου
1357 1660 1564 1738 ψηλα-
1675 1655 2137 1738 δυσχεραίνειν
2231 1650 2591 1739 ἐθιζόμεθα
2668 1648 2793 1747 ’καὶ

449 1758 756 1847 φηθέντα
820 1760 936 1825 καὶ·
1003 1760 1564 1846 ἀνακαλυφθέντα
1674 1760 2133 1847 μανθάνομεν,
2164 1760 2285 1825 οὐκ
2308 1760 2637 1845 ἄχρηστόν
2658 1756 2794 1823 ἐστι

446 1866 612 1954 πρὸς
658 1865 896 1940 ἑαυτὸν
942 1872 1178 1935 εἰπεῖν·
1672 1870 1839 1954 πρὸς
1890 1876 2097 1933 ταῦτα
2155 1863 2277 1951 μὲν
2332 1868 2507 1952 ἔχειν
2560 1862 2662 1930 ἀεὶ
2718 1867 2793 1930 τὸ

1674 1984 1794 2041 τοῦ
1840 1974 2249 2059 Μενάνδρου
2294 1976 2677 2058 πρόχειρον·

453 2096 708 2164 Οὐδὲν
735 2098 1140 2179 πέπονθας
1172 2102 1445 2167 δεινὸν
1474 2100 1566 2167 ἂν
1860 2096 2114 2165 Οὐδὲν
2150 2122 2214 2165 π.
2255 2100 2312 2163 δ.
2350 2098 2443 2165 ἀν
2480 2124 2544 2183 μ.
2576 2120 2642 2164 π.

536 2207 632 2289 μὴ
679 2216 1102 2293 προσποιῇ,

444 2314 684 2399 κομιδῆ
748 2316 1013 2396 γελοῖόν
1077 2314 1213 2380 ἐστι
1286 2316 1374 2400 μὴ
1437 2325 1570 2400 τῆς

447 2422 732 2504 σαρκὸς
772 2421 1272 2506 πυνθάνεσθαι,
1319 2424 1467 2507 <εῖ>
1504 2448 1568 2489 τι

445 2525 764 2611 πέπονθε,
810 2524 976 2611 μηδὲ
1011 2537 1144 2613 τῆς
1181 2538 1462 2614 ψυχῆς,
1508 2534 1569 2596 εἰ

1621 2310 1640 2355 ¹·
1678 2318 1748 2380 τί
1788 2317 1913 2400 γὰρ
1958 2315 2127 2399 πρὸς
2162 2310 2241 2378 σε’
2278 2312 2447 2397 ἐστι,
2502 2312 2587 2377 ἂν
2632 2314 2794 2396 μήτε

1678 2424 1966 2508 σαρκὸς
2003 2423 2280 2504 ἅπτηται
2317 2421 2477 2504 μήτε
2515 2428 2792 2503 ψυχῆς-ς

450 2739 754 2824 γέγονεν,
800 2740 966 2807 ἀλλὰ
1005 2790 1020 2805 .
1049 2790 1065 2805 .

539 2846 629 2912 οὐ
703 2849 827 2933 γὰρ
903 2850 1568 2934 συνδακρυόντων
1766 2872 1815 2913 c.
1858 2852 1911 2913 7.
1979 2852 2147 2913 ἔνιοι
2207 2859 2343 2913 τῶν
2401 2850 2795 2933 φιλοσόφων

447 2951 1440 3039 καὶσυνεπιθρηνούντων.
1459 2954 1568 3021 ,ἐν
1619 2978 1625 3045 1
1674 2953 1785 3021 καὶ
1847 2957 1965 3020 τὸν
2029 2957 2216 3020 ἔλεον
2277 2952 2557 3038 ψέγουσι
2629 2956 2795 3037 πρὸς

447 3074 588 3139 τοῖς
623 3061 1019 3146 ἀβουλήτοις
1052 3065 1283 3147 χρείαν
1313 3066 1566 3148 ε’χομεν,
1620 3090 1623 3098 ·
1676 3062 2082 3147 ἀτυχοῦντας
2128 3060 2529 3146 ἀνθρώπους
2572 3064 2793 3145 γιγνό-

445 3168 612 3233 ἀλλά
657 3167 1282 3254 παρρησιαζομένων
1319 3168 1430 3235 καὶ
1469 3172 1566 3234 δι-
1674 3194 1899 3254 μενον,
1919 3169 2018 3247 ὡς
2034 3174 2243 3235 καλοῦ
2262 3178 2380 3233 τοῦ
2406 3172 2687 3253 βοηθεῖν
2712 3168 2793 3233 οὐ

446 3276 829 3342 δασκόντων
875 3276 978 3341 ὅτι
1016 3326 1030 3341 .
1061 3326 1076 3341 .
1672 3286 1792 3342 τοῦ
1849 3282 2279 3360 συναλγεῖν
2330 3274 2459 3341 καὶ
2514 3292 2792 3341 συνεν-

1672 3385 1989 3449 διδόναι
2026 3396 2167 3460 τοῖς
2200 3387 2482 3467 πλησίον
2519 3385 2728 3460 ὄντος.
2742 3380 2792 3469 1)

449 3648 654 3703 Parum
698 3648 911 3719 ingenii
947 3642 1249 3704 Plutarcho
1287 3650 1535 3705 tribuere
1571 3649 1797 3705 videtur
1833 3648 2091 3703 Fowler
2128 3649 2421 3718 (Pluma-ch
2456 3650 2586 3720 περὶ
2624 3652 2791 3705 εὐθυ-

449 3740 580 3807 μίας
614 3738 674 3792 in
711 3739 977 3794 Han-vam
1014 3739 1232 3795 Stadios
1257 3740 1284 3792 Ι
1319 3759 1374 3809 p.
1406 3744 1560 3808 151),
1605 3739 1704 3808 qui
1740 3737 2103 3793 Plutarchum
2140 3738 2513 3807 gnomologiis
2552 3742 2610 3793 et
2645 3739 2791 3793 flori-

446 3825 612 3896 legiis
669 3845 832 3880 usum
887 3845 988 3881 sua
1044 3830 1468 3899 componentem
1522 3830 1678 3884 facit.
1764 3828 2116 3897 Quamquam
2163 3828 2311 3882 enim
2360 3846 2473 3883 non
2518 3827 2624 3882 tali
2671 3830 2794 3884 erat

447 3916 636 3971 indole
649 3960 662 3985 ‚
711 3918 774 3971 ut
808 3933 958 3971 nova
1004 3920 1173 3987 atque
1220 3918 1480 3973 inaudita
1525 3919 1584 3973 in
1629 3919 1815 3974 lucem
1856 3918 2154 3988 proferret,
2209 3919 2402 3972 tamen
2456 3917 2665 3988 optime
2722 3919 2791 3973 de

447 4006 780 4074 aequalibus
838 4007 1070 4061 meritus
1125 4010 1237 4077 est,
1293 4025 1420 4063 cum
1468 4026 1560 4079 ea,
1617 4024 1763 4078 quae
1810 4008 1989 4078 ipsius
2036 4007 2287 4061 animum
2334 4009 2503 4075 atque
2547 4008 2792 4061 mentem

446 4096 883 4165 delectaverant‚
912 4112 1037 4150 cum
1066 4096 1182 4151 illis
1204 4098 1663 4154 communicaret.
1688 4130 1748 4138 ——
1777 4098 1931 4152 Haec
1960 4112 2105 4166 quae
2135 4096 2367 4167 exposui
2393 4096 2791 4150 confirmantur

445 4185 526 4239 eis
565 4203 710 4255 quae
749 4187 988 4239 adnotat
1022 4186 1208 4239 Hense
1244 4186 1281 4241 1.
1313 4172 1440 4257 csp.
1473 4192 1602 4243 550.

591 4278 643 4345 1)
679 4274 890 4329 Heinze
926 4276 962 4331 1.
994 4293 1039 4331 c.
1091 4277 1159 4329 de
1205 4276 1310 4330 hoc
1357 4294 1413 4331 π.
1455 4278 1657 4347 εὐθυμ.
1706 4276 1893 4347 capite
1938 4275 2078 4331 haec
2126 4275 2291 4332 dicit:
2346 4272 2646 4346 „Mocht'en
2689 4278 2792 4332 wir

449 4364 593 4417 auch
627 4363 917 4419 vielleicht
953 4383 998 4420 c.
1033 4371 1090 4433 7,
1129 4366 1231 4419 dan
1271 4365 1391 4420 sich
1427 4366 1534 4420 mit
1572 4367 1682 4420 den
1718 4365 1935 4423 fehleru
1972 4366 2207 4419 anderer
2242 4365 2615 4436 beschaftigt,
2652 4368 2794 4421 fiber

449 4451 541 4505 die
558 4452 658 4507 wir
676 4472 780 4507 uns
804 4453 964 4508 nicht
979 4460 1212 4524 gramen
1239 4454 1434 4523 6011611,
1463 4455 1570 4509 mit
1595 4455 1779 4509 seiner
1800 4472 1873 4508 an
1890 4454 2125 4508 Paccius
2154 4455 2503 4525 gerichteten
2520 4473 2793 4526 warnung

448 4541 592 4596 noch
648 4542 730 4597 als
777 4542 1149 4599 einschiebsel
1195 4543 1552 4613 betrachten,
1603 4545 1704 4598 das
1754 4543 1873 4598 sich
1920 4562 2029 4615 eng
2077 4562 2149 4599 an
2196 4545 2287 4599 die
2336 4547 2609 4601 anecdote
2653 4546 2792 4601 fiber
