3309 5167
1478 356 1908 420 —44-

529 513 716 599 ξένης
760 518 1106 600 γενόμενοι
1152 516 1274 599 τὴν
1321 524 1446 599 γῆν
1490 515 1614 599 τὴν
1660 515 1999 582 θάλατταν
2043 517 2161 583 τὸν
2206 514 2370 603 ἀέρα
2416 518 2532 583 τὸν
2570 516 2863 601 οὐρανὸν

527 624 617 699 ὡς
660 622 852 709 ἕτερα
895 620 1004 687 καὶ
1053 619 1458 709 διαφέροντα
1503 632 1638 687 τῶν
1684 622 2022 705 συνήθων.
2109 622 2284 699 Quae
2322 644 2356 686 e
2392 624 2571 689 fonte
2619 620 2861 706 Cynico

527 729 789 795 fluxisse
828 728 1265 814 compluribus
1305 728 1703 813 argumentis
1741 728 2004 814 probari
2033 734 2267 813 potest.
2341 730 2556 817 Atque
2584 729 2864 815 primum

529 837 790 923 quidem
827 837 1000 922 quod
1037 835 1345 920 exemplis
1383 835 1592 901 utitur
1628 819 1903 901 Athenis
1942 841 2007 901 et
2045 834 2378 924 Corintho,
2415 860 2577 924 quae
2616 857 2867 922 semper

526 945 659 1009 fere
706 942 774 1008 in
820 944 937 1008 tali
985 943 1543 1029 argumentatione
1582 944 1938 1008 afferuntur
1980 982 2055 991 --
2100 967 2488 1030 quamquam
2524 950 2867 1029 propterea

527 1074 782 1136 quoque
819 1051 1237 1116 nominantur
1274 1052 1448 1136 quod
1483 1050 1801 1115 maximae
1832 1050 2136 1117 Graeciae
2164 1052 2356 1118 urbes
2388 1058 2573 1118 erant
2608 1090 2678 1099 —
2715 1051 2867 1117 Dio-

525 1180 755 1244 genem
799 1156 869 1221 in
905 1157 1282 1223 memoriam
1317 1157 1506 1223 nobis
1546 1162 1824 1242 revocat,
1864 1158 1977 1243 qui
2013 1158 2121 1224 ὅτε
2160 1160 2408 1243 ἔφυγεν
2446 1160 2517 1226 ἐκ
2550 1160 2865 1241 Σινώπης

524 1259 928 1350 ἀφικόμενος
973 1267 1068 1343 εἰς
1113 1264 1235 1347 τὴν
1273 1262 1555 1330 Ἑλλάδα
1601 1266 1790 1349 διῆγε
1835 1262 1994 1331 ποτὲ
2038 1262 2161 1351 μὲν
2208 1265 2281 1331 ἐν
2319 1270 2661 1356 Κορίνθῳ,
2706 1263 2864 1332 ποτε

527 1369 588 1437 δ’
651 1370 1042 1455 Ἀθήνησιν·
1110 1373 1236 1456 ἔφη
1303 1368 1377 1437 δὲ
1435 1379 1783 1457 μιμεῖσθαι
1846 1380 1967 1437 τοῦ
2033 1378 2317 1460 Περσῶν
2370 1371 2691 1458 βασιλέως
2743 1374 2865 1457 τὴν

528 1479 790 1545 δίαιταν
839 1475 995 1566 (Dio
1043 1477 1374 1563 Chrysost.
1413 1477 1508 1543 VI
1551 1501 1610 1562 p.
1647 1479 1853 1545 197R
1898 1480 1974 1544 cf.
2005 1480 2246 1545 Weber
2291 1503 2350 1565 p.
2382 1482 2466 1547 86
2488 1479 2629 1567 sq.).
2722 1480 2861 1557 Quo

523 1587 668 1651 loco
723 1585 922 1651 simul
973 1608 1049 1651 ea
1105 1608 1267 1670 quae
1314 1589 1673 1669 sequuntur
1720 1584 1960 1670 Cyn-ico
2016 1587 2185 1651 fonti
2230 1586 2659 1653 vindicantur:
2714 1588 2863 1653 inde

524 1692 696 1757 enim
733 1717 772 1757 a
796 1691 1086 1777 Diogene
1115 1715 1318 1777 usque
1348 1692 1428 1757 ad
1463 1691 1857 1777 posteriores
1896 1692 2343 1777 philosophiae
2376 1692 2859 1779 Cynicostoicae

525 1805 818 1865 auctores
857 1800 1093 1864 iterum
1121 1800 1483 1884 iterumque
1514 1804 1877 1884 occurrunt,
1917 1803 2110 1885 atque
2140 1800 2334 1865 etiam
2365 1801 2434 1865 in
2463 1800 2659 1866 Olem.
2681 1800 2861 1867 Alex.

524 1908 794 1993 Paedag.
841 1907 926 1993 II,
963 1908 1049 1973 30
1093 1931 1156 1992 p.
1199 1907 1324 1973 185
1360 1908 1403 1971 P
1462 1911 2047 1972 commemorantur
2092 1912 2385 1993 βασιλεῖς
2434 1905 2705 1993 ἀνόητοι
2752 1910 2863 1995 qui

525 2013 634 2079 καὶ
680 2017 753 2081 τὸ
801 2015 983 2101 ὕδωρ
1032 2013 1424 2080 ἐποίσονται.

701 2122 782 2187 In
807 2123 933 2187 fine
962 2120 1154 2187 huius
1184 2121 1765 2207 argumentationis
1787 2121 2060 2207 denique
2078 2121 2486 2189 Athenarum
2507 2128 2572 2188 et
2593 2122 2862 2208 Spartae

525 2230 818 2315 exempla
844 2231 1200 2295 afferuntur
1230 2226 1610 2315 (Cephissus
1640 2234 1705 2294 et
1731 2228 1971 2296 Parnes
1985 2227 2055 2317 ¹),
2084 2229 2367 2295 Eurotas
2396 2235 2463 2295 et
2490 2229 2863 2318 Taygetus),

527 2359 688 2422 quae
745 2340 810 2401 et
864 2360 992 2402 una
1031 2361 1190 2417 ¹cum
1236 2336 1511 2403 Athenis
1561 2342 1624 2403 et
1673 2336 1987 2403 Corintho
2036 2336 2379 2403 coniuncta
2424 2338 2752 2403 invenitur
2799 2344 2865 2405 et

526 2468 672 2508 cum
737 2444 892 2509 solis
952 2444 1254 2529 AtheniS,
1321 2443 1558 2529 quippe
1623 2466 1787 2529 quae
1851 2443 2245 2510 clarissimae
2300 2443 2605 2509 Graeciae
2670 2447 2861 2511 urbes

524 2550 795 2636 fuerint3
868 2551 1114 2617 accedit
1186 2552 1360 2636 quod
1433 2549 1659 2635 Cynici
1732 2574 1983 2636 semper
2056 2550 2527 2637 quodammodo
2596 2550 2863 2638 Spartae

523 2659 846 2743 favebant,
893 2658 1130 2744 quippe
1170 2682 1334 2744 quae
1373 2680 1514 2723 eam
1551 2658 1723 2723 vitae
1761 2658 2095 2744 rationem,
2142 2682 2335 2745 quam
2372 2658 2687 2745 optimam
2724 2683 2863 2725 esse

523 2765 650 2849 ipsi
695 2765 1040 2851 putabant,
1087 2766 1162 2831 in·
1201 2766 1338 2831 vita
1384 2765 1707 2831 cotidiana
1752 2769 2141 2850 sequeretur.

701 2872 794 2938 Ut
839 2872 1096 2959 singula
1133 2872 1447 2959 Cynicum
1491 2872 1562 2938 in
1607 2871 1983 2937 memoriam
2030 2878 2360 2957 revocant,
2406 2871 2501 2937 ita
2542 2875 2864 2940 sententia

524 2980 824 3045 universa
867 2980 1034 3064 ipsa:
1085 3004 1236 3046 nam
1257 2976 1261 2980 ’
1282 2980 1342 3046 ei
1389 2979 1616 3065 solum,
1666 2980 1778 3065 qui
1824 3002 2075 3064 semper
2122 2984 2186 3044 et
2230 2980 2471 3065 ubique
2510 2982 2860 3047 secundum

523 3091 824 3152 naturam
869 3086 1216 3151 vivendum
1262 3110 1401 3151 esse
1449 3086 1574 3151 sibi
1620 3085 1978 3171 proposuit,
2025 3086 2263 3152 solacio
2312 3109 2450 3151 esse
2491 3092 2749 3172 poterat
2794 3089 2862 3155 in

526 3194 1028 3259 commutatione
1066 3194 1210 3279 loci,
1249 3194 1420 3278 quod
1457 3193 1526 3258 in
1561 3194 1783 3259 eadem
1820 3202 2036 3258 rerum
2064 3198 2297 3259 natura
2324 3200 2639 3260 maneret:
2678 3196 2861 3281 atqui

524 3302 684 3367 haec
729 3300 896 3366 ratio
942 3302 1114 3365 hunc
1149 3299 1484 3365 Plutarchi
1529 3301 1745 3366 locum
1781 3300 1967 3387 regit.
2048 3299 2342 3386 Denique
2380 3301 2637 3388 singula
2675 3326 2862 3387 quae-

524 3408 674 3472 dam
715 3408 1040 3493 accedunt,
1079 3431 1240 3493 quae
1268 3408 1484 3492 ipsum
1511 3408 1784 3473 Bionem
1810 3412 2035 3473 notare
2062 3408 2386 3473 videntur:
2425 3413 2491 3474 et
2519 3409 2862 3497 ἀβελτερία

524 3518 590 3579 et
649 3518 1025 3600 γλιχόμενοι
1091 3514 1343 3601 saepius
1409 3516 1691 3581 occurrit
1757 3515 1828 3580 in
1890 3516 2005 3580 illa
2057 3514 2387 3600 Euripidis
2445 3517 2862 3604 refutatione3

525 3622 792 3686 eandem
846 3620 1256 3708 sententiam,
1312 3645 1474 3707 quae
1530 3622 1701 3688 inest
1746 3622 1961 3688 verbis
2008 3622 2047 3706 ἡ
2094 3619 2217 3708 μὲν
2261 3624 2387 3710 γὰρ
2434 3626 2637 3710 φύσις
2682 3625 2862 3691 ἐλευ-

668 3872 720 3941 1)
756 3870 999 3924 Eurotae
1037 3887 1164 3923 cum
1190 3868 1490 3939 cephissus
1526 3872 1879 3940 respondeat,
1918 3871 2169 3940 Taygeto
2198 3888 2357 3925 mons
2383 3872 2607 3927 Atticus
2634 3890 2858 3941 respon-

523 3960 656 4013 dere
703 3959 895 4026 debet3
953 3959 1173 4013 accedit
1215 3960 1366 4028 quod
1411 3959 1552 4013 haec
1596 3961 1662 4013 ut
1706 3976 1853 4014 nune
1889 3960 2153 4030 leguntur
2188 3960 2395 4016 rationi
2430 3961 2658 4014 minime
2697 3959 2856 4011 satis-

522 4047 762 4102 faciunt:
809 4064 942 4101 nam
988 4050 1088 4101 aut
1131 4051 1347 4103 montes
1395 4050 1453 4103 et
1496 4048 1731 4103 flumina
1785 4049 2176 4119 coniungenda
2222 4052 2381 4104 erant
2426 4052 2524 4103 aut
2566 4046 2856 4114 utriusque

522 4136 678 4190 urbis
722 4153 882 4191 mons
930 4138 988 4189 et
1029 4137 1260 4207 flumen3
1309 4138 1666 4193 scribendum
1710 4138 1885 4209 igitur
1931 4140 2051 4193 est:
2105 4147 2204 4193 τοῦ
2240 4143 2497 4207 Κηφισοῦ
2540 4134 2858 4204 γλιχόμενοι

523 4224 620 4279 καὶ
655 4234 753 4281 τοῦ
789 4224 1101 4297 Πάρνηθος
1135 4225 1170 4295 ἢ
1208 4228 1306 4281 τὸν
1344 4228 1615 4298 Εὐρώταν
1653 4227 1750 4281 καὶ
1785 4228 1884 4282 τὸν
1918 4224 2203 4297 Ταΰγετον
2241 4222 2671 4291 ἔπιποθοῦντες;
2709 4241 2854 4292 quae

524 4314 842 4369 coniectura
888 4332 953 4370 eo
991 4317 1351 4371 confirmatur
1386 4318 1537 4386 quod
1571 4317 1891 4372 litterarum
1927 4316 2239 4371 mutatione
2274 4314 2389 4367 fere
2426 4329 2537 4367 non
2575 4330 2715 4382 opus
2754 4317 2855 4370 est.

523 4402 779 4457 Ceterum
824 4406 974 4473 quod
1019 4408 1142 4460 tum
1187 4409 1447 4461 accurate
1492 4406 1641 4461 inter
1686 4424 1744 4461 se
1780 4408 2031 4461 membra
2066 4403 2404 4473 respondent
2436 4402 2710 4457 Bioneum
2748 4422 2859 4459 ser-

521 4508 738 4546 monem
778 4494 1028 4548 redolere
1063 4495 1288 4549 videtur
1326 4497 1415 4566 (cf.
1445 4497 1632 4551 Hense
1668 4497 1916 4567 prolegg.
1947 4516 2001 4567 p.
2030 4492 2345 4563 LXXXIV).
