<?xml version="1.0" encoding="UTF-8"?>
<!DOCTYPE html PUBLIC "-//W3C//DTD XHTML 1.0 Transitional//EN"
    "http://www.w3.org/TR/xhtml1/DTD/xhtml1-transitional.dtd">
<html xmlns="http://www.w3.org/1999/xhtml" xml:lang="en" lang="en">
 <head>
  <title>
</title>
<meta http-equiv="Content-Type" content="text/html;charset=utf-8" />
  <meta name='ocr-system' content='tesseract 3.04.00' />
  <meta name='ocr-capabilities' content='ocr_page ocr_carea ocr_par ocr_line ocrx_word'/>
</head>
<body>
  <div class='ocr_page' id='page_1' title='image "./dephilosophorum00giesgoog_0093.png"; bbox 0 0 3309 5167; ppageno 0'>
   <div class='ocr_carea' id='block_1_1' title="bbox 1355 370 1788 435">
    <p class='ocr_par' dir='ltr' id='par_1_1' title="bbox 1355 370 1788 435">
     <span class='ocr_line' id='line_1_1' title="bbox 1355 370 1788 435; baseline -0.005 -18"><span class='ocrx_word' id='word_1_1' title='bbox 1355 370 1788 435; x_wconf 64' lang='lat'>-83—</span> 
     </span>
    </p>
   </div>
   <div class='ocr_carea' id='block_1_2' title="bbox 384 513 2811 4474">
    <p class='ocr_par' dir='ltr' id='par_1_2' title="bbox 397 513 2811 1801">
     <span class='ocr_line' id='line_1_2' title="bbox 401 513 2742 613; baseline -0.002 -18"><span class='ocrx_word' id='word_1_2' title='bbox 401 532 515 597; x_wconf 95' lang='lat' dir='ltr'><strong>illa</strong></span> <span class='ocrx_word' id='word_1_3' title='bbox 587 531 910 597; x_wconf 88' lang='lat' dir='ltr'><strong>sententia</strong></span> <span class='ocrx_word' id='word_1_4' title='bbox 989 529 1412 595; x_wconf 75' lang='lat' dir='ltr'><strong>similitudine</strong></span> <span class='ocrx_word' id='word_1_5' title='bbox 1485 531 1712 595; x_wconf 89' lang='lat' dir='ltr'><strong>domus</strong></span> <span class='ocrx_word' id='word_1_6' title='bbox 1771 513 2094 613; x_wconf 31' lang='lat' dir='ltr'><strong>*navisque</strong></span> <span class='ocrx_word' id='word_1_7' title='bbox 2168 531 2475 592; x_wconf 82' lang='lat' dir='ltr'><strong>exornata</strong></span> <span class='ocrx_word' id='word_1_8' title='bbox 2554 526 2742 591; x_wconf 89' lang='lat' dir='ltr'><strong>nobis</strong></span> 
     </span>
     <span class='ocr_line' id='line_1_3' title="bbox 404 633 2746 727; baseline -0.003 -23"><span class='ocrx_word' id='word_1_9' title='bbox 404 640 711 726; x_wconf 87' lang='lat' dir='ltr'><strong>occurrit,</strong></span> <span class='ocrx_word' id='word_1_10' title='bbox 769 662 963 725; x_wconf 89' lang='lat' dir='ltr'><strong>quam</strong></span> <span class='ocrx_word' id='word_1_11' title='bbox 1017 637 1405 723; x_wconf 73' lang='lat' dir='ltr'><strong>particulam</strong></span> <span class='ocrx_word' id='word_1_12' title='bbox 1459 660 1658 727; x_wconf 82' lang='lat' dir='ltr'><strong>supra</strong></span> <span class='ocrx_word' id='word_1_13' title='bbox 1711 635 1903 701; x_wconf 86' lang='lat' dir='ltr'><strong>Bioni</strong></span> <span class='ocrx_word' id='word_1_14' title='bbox 1957 634 2433 719; x_wconf 76' lang='lat' dir='ltr'><strong>adscripsimus,</strong></span> <span class='ocrx_word' id='word_1_15' title='bbox 2515 633 2746 710; x_wconf 85' lang='lat' dir='ltr'><strong>Quam-</strong></span> 
     </span>
     <span class='ocr_line' id='line_1_4' title="bbox 401 740 2745 832; baseline -0.003 -21"><span class='ocrx_word' id='word_1_16' title='bbox 401 770 594 831; x_wconf 89' lang='lat' dir='ltr'><strong>quam</strong></span> <span class='ocrx_word' id='word_1_17' title='bbox 660 744 864 832; x_wconf 83' lang='lat' dir='ltr'><strong>igitur</strong></span> <span class='ocrx_word' id='word_1_18' title='bbox 923 745 1168 831; x_wconf 90' lang='lat' dir='ltr'><strong>aliquid</strong></span> <span class='ocrx_word' id='word_1_19' title='bbox 1233 744 1447 810; x_wconf 87' lang='lat' dir='ltr'><strong>differt</strong></span> <span class='ocrx_word' id='word_1_20' title='bbox 1499 744 1670 811; x_wconf 88' lang='lat' dir='ltr'><strong>inter</strong></span> <span class='ocrx_word' id='word_1_21' title='bbox 1724 744 2042 809; x_wconf 87' lang='lat' dir='ltr'><strong>rationem</strong></span> <span class='ocrx_word' id='word_1_22' title='bbox 2096 742 2433 827; x_wconf 89' lang='lat' dir='ltr'><strong>utriusque</strong></span> <span class='ocrx_word' id='word_1_23' title='bbox 2487 740 2614 806; x_wconf 89' lang='lat' dir='ltr'><strong>loci</strong></span> <span class='ocrx_word' id='word_1_24' title='bbox 2657 778 2745 788; x_wconf 89' lang='lat'><strong>--</strong></span> 
     </span>
     <span class='ocr_line' id='line_1_5' title="bbox 397 841 2743 938; baseline -0.002 -20"><span class='ocrx_word' id='word_1_25' title='bbox 397 876 550 918; x_wconf 93' lang='lat' dir='ltr'><strong>nam</strong></span> <span class='ocrx_word' id='word_1_26' title='bbox 597 854 765 938; x_wconf 92' lang='lat' dir='ltr'><strong>apud</strong></span> <span class='ocrx_word' id='word_1_27' title='bbox 811 841 1110 918; x_wconf 50' lang='lat' dir='ltr'><strong>Teletem&#39;</strong></span> <span class='ocrx_word' id='word_1_28' title='bbox 1144 852 1504 938; x_wconf 87' lang='lat' dir='ltr'><strong>exponitur,</strong></span> <span class='ocrx_word' id='word_1_29' title='bbox 1549 852 1875 917; x_wconf 86' lang='lat' dir='ltr'><strong>neminem</strong></span> <span class='ocrx_word' id='word_1_30' title='bbox 1917 874 2124 937; x_wconf 92' lang='lat' dir='ltr'><strong>neque</strong></span> <span class='ocrx_word' id='word_1_31' title='bbox 2171 850 2238 915; x_wconf 94' lang='lat' dir='ltr'><strong>in</strong></span> <span class='ocrx_word' id='word_1_32' title='bbox 2284 850 2507 914; x_wconf 90' lang='lat' dir='ltr'><strong>eadem</strong></span> <span class='ocrx_word' id='word_1_33' title='bbox 2552 850 2743 914; x_wconf 89' lang='lat' dir='ltr'><strong>domo</strong></span> 
     </span>
     <span class='ocr_line' id='line_1_6' title="bbox 400 955 2745 1046; baseline -0.003 -21"><span class='ocrx_word' id='word_1_34' title='bbox 400 983 729 1026; x_wconf 87' lang='lat' dir='ltr'><strong>remanere</strong></span> <span class='ocrx_word' id='word_1_35' title='bbox 787 960 982 1025; x_wconf 89' lang='lat' dir='ltr'><strong>etiam</strong></span> <span class='ocrx_word' id='word_1_36' title='bbox 1036 959 1214 1045; x_wconf 88' lang='lat' dir='ltr'><strong>putri</strong></span> <span class='ocrx_word' id='word_1_37' title='bbox 1269 982 1344 1025; x_wconf 88' lang='lat' dir='ltr'><strong>ac</strong></span> <span class='ocrx_word' id='word_1_38' title='bbox 1397 960 1638 1046; x_wconf 89' lang='lat' dir='ltr'><strong>ruenti,</strong></span> <span class='ocrx_word' id='word_1_39' title='bbox 1693 982 1903 1045; x_wconf 89' lang='lat' dir='ltr'><strong>neque</strong></span> <span class='ocrx_word' id='word_1_40' title='bbox 1956 959 2026 1023; x_wconf 93' lang='lat' dir='ltr'><strong>in</strong></span> <span class='ocrx_word' id='word_1_41' title='bbox 2069 958 2282 1043; x_wconf 87' lang='lat' dir='ltr'><strong>patria</strong></span> <span class='ocrx_word' id='word_1_42' title='bbox 2327 955 2553 1042; x_wconf 85' lang='lat' dir='ltr'><strong>quavis</strong></span> <span class='ocrx_word' id='word_1_43' title='bbox 2601 978 2745 1020; x_wconf 92' lang='lat' dir='ltr'><strong>con-</strong></span> 
     </span>
     <span class='ocr_line' id='line_1_7' title="bbox 405 1062 2743 1154; baseline -0.002 -23"><span class='ocrx_word' id='word_1_44' title='bbox 405 1067 683 1151; x_wconf 90' lang='lat' dir='ltr'><strong>dicione,</strong></span> <span class='ocrx_word' id='word_1_45' title='bbox 739 1069 908 1153; x_wconf 86' lang='lat' dir='ltr'><strong>apud</strong></span> <span class='ocrx_word' id='word_1_46' title='bbox 952 1067 1401 1154; x_wconf 87' lang='lat' dir='ltr'><strong>Plutarchum,</strong></span> <span class='ocrx_word' id='word_1_47' title='bbox 1456 1090 1575 1153; x_wconf 90' lang='lat' dir='ltr'><strong>pro</strong></span> <span class='ocrx_word' id='word_1_48' title='bbox 1631 1069 1805 1133; x_wconf 91' lang='lat' dir='ltr'><strong>bono</strong></span> <span class='ocrx_word' id='word_1_49' title='bbox 1859 1066 2299 1151; x_wconf 89' lang='lat' dir='ltr'><strong>accipiendum</strong></span> <span class='ocrx_word' id='word_1_50' title='bbox 2350 1086 2515 1149; x_wconf 90' lang='lat' dir='ltr'><strong>esse,</strong></span> <span class='ocrx_word' id='word_1_51' title='bbox 2572 1062 2743 1149; x_wconf 87' lang='lat' dir='ltr'><strong>quod</strong></span> 
     </span>
     <span class='ocr_line' id='line_1_8' title="bbox 400 1171 2749 1262; baseline -0.002 -23"><span class='ocrx_word' id='word_1_52' title='bbox 400 1173 612 1259; x_wconf 90' lang='lat' dir='ltr'><strong>patria</strong></span> <span class='ocrx_word' id='word_1_53' title='bbox 667 1174 1019 1239; x_wconf 87' lang='lat' dir='ltr'><strong>solvamur:</strong></span> <span class='ocrx_word' id='word_1_54' title='bbox 1073 1198 1225 1239; x_wconf 92' lang='lat' dir='ltr'><strong>nam</strong></span> <span class='ocrx_word' id='word_1_55' title='bbox 1283 1173 1340 1239; x_wconf 91' lang='lat' dir='ltr'><strong>si</strong></span> <span class='ocrx_word' id='word_1_56' title='bbox 1394 1174 1635 1262; x_wconf 91' lang='lat' dir='ltr'><strong>minus,</strong></span> <span class='ocrx_word' id='word_1_57' title='bbox 1694 1173 1889 1238; x_wconf 89' lang='lat' dir='ltr'><strong>etiam</strong></span> <span class='ocrx_word' id='word_1_58' title='bbox 1943 1173 2013 1237; x_wconf 94' lang='lat' dir='ltr'><strong>in</strong></span> <span class='ocrx_word' id='word_1_59' title='bbox 2066 1171 2239 1237; x_wconf 87' lang='lat' dir='ltr'><strong>mala</strong></span> <span class='ocrx_word' id='word_1_60' title='bbox 2290 1172 2749 1237; x_wconf 88' lang='lat' dir='ltr'><strong>remanendum</strong></span> 
     </span>
     <span class='ocr_line' id='line_1_9' title="bbox 401 1279 2811 1367; baseline -0.002 -21"><span class='ocrx_word' id='word_1_61' title='bbox 401 1304 540 1347; x_wconf 91' lang='lat' dir='ltr'><strong>esse</strong></span> <span class='ocrx_word' id='word_1_62' title='bbox 578 1320 645 1329; x_wconf 91' lang='lat'>—</span> <span class='ocrx_word' id='word_1_63' title='bbox 683 1286 901 1347; x_wconf 89' lang='lat' dir='ltr'><strong>tamen</strong></span> <span class='ocrx_word' id='word_1_64' title='bbox 945 1281 1282 1367; x_wconf 89' lang='lat' dir='ltr'><strong>utriusque</strong></span> <span class='ocrx_word' id='word_1_65' title='bbox 1329 1286 1640 1367; x_wconf 89' lang='lat' dir='ltr'><strong>tanquam</strong></span> <span class='ocrx_word' id='word_1_66' title='bbox 1688 1280 2025 1345; x_wconf 77' lang='lat' dir='ltr'><strong>materiam</strong></span> <span class='ocrx_word' id='word_1_67' title='bbox 2073 1281 2151 1344; x_wconf 87' lang='lat' dir='ltr'><strong>ad</strong></span> <span class='ocrx_word' id='word_1_68' title='bbox 2198 1302 2400 1343; x_wconf 92' lang='lat' dir='ltr'><strong>unum</strong></span> <span class='ocrx_word' id='word_1_69' title='bbox 2444 1279 2748 1345; x_wconf 80' lang='lat' dir='ltr'><strong>eundem-</strong></span> <span class='ocrx_word' id='word_1_70' title='bbox 2802 1354 2811 1367; x_wconf 44' lang='lat'><strong>·</strong></span> 
     </span>
     <span class='ocr_line' id='line_1_10' title="bbox 401 1386 2749 1475; baseline -0.002 -21"><span class='ocrx_word' id='word_1_71' title='bbox 401 1411 526 1475; x_wconf 90' lang='lat' dir='ltr'><strong>que</strong></span> <span class='ocrx_word' id='word_1_72' title='bbox 564 1390 962 1454; x_wconf 83' lang='lat' dir='ltr'><strong>referendam</strong></span> <span class='ocrx_word' id='word_1_73' title='bbox 999 1412 1140 1454; x_wconf 91' lang='lat' dir='ltr'><strong>esse</strong></span> <span class='ocrx_word' id='word_1_74' title='bbox 1177 1389 1424 1454; x_wconf 84' lang='lat' dir='ltr'><strong>fontem</strong></span> <span class='ocrx_word' id='word_1_75' title='bbox 1463 1388 1763 1454; x_wconf 87' lang='lat' dir='ltr'><strong>arbitror.</strong></span> <span class='ocrx_word' id='word_1_76' title='bbox 1836 1386 2065 1473; x_wconf 86' lang='lat' dir='ltr'><strong>Neque</strong></span> <span class='ocrx_word' id='word_1_77' title='bbox 2103 1386 2273 1452; x_wconf 90' lang='lat' dir='ltr'><strong>enim</strong></span> <span class='ocrx_word' id='word_1_78' title='bbox 2310 1387 2523 1472; x_wconf 82' lang='lat' dir='ltr'><strong>verba,</strong></span> <span class='ocrx_word' id='word_1_79' title='bbox 2570 1386 2749 1451; x_wconf 87' lang='lat' dir='ltr'><strong>velut</strong></span> 
     </span>
     <span class='ocr_line' id='line_1_11' title="bbox 401 1492 2750 1582; baseline -0.003 -19"><span class='ocrx_word' id='word_1_80' title='bbox 401 1497 733 1581; x_wconf 77' lang='grc' dir='ltr'><strong><em>νοσώδης,</em></strong></span> <span class='ocrx_word' id='word_1_81' title='bbox 778 1497 866 1582; x_wconf 81' lang='grc' dir='ltr'><strong>μὴ</strong></span> <span class='ocrx_word' id='word_1_82' title='bbox 911 1498 1322 1581; x_wconf 85' lang='grc' dir='ltr'><em>ὑγιαίνουσι,</em></span> <span class='ocrx_word' id='word_1_83' title='bbox 1377 1518 1415 1561; x_wconf 91' lang='lat' dir='ltr'><strong>a</strong></span> <span class='ocrx_word' id='word_1_84' title='bbox 1460 1496 1686 1562; x_wconf 92' lang='lat' dir='ltr'><strong>Bionis</strong></span> <span class='ocrx_word' id='word_1_85' title='bbox 1734 1516 2027 1561; x_wconf 87' lang='lat' dir='ltr'><strong>sermone</strong></span> <span class='ocrx_word' id='word_1_86' title='bbox 2073 1494 2453 1579; x_wconf 83' lang='lat' dir='ltr'><strong>abhorrent3</strong></span> <span class='ocrx_word' id='word_1_87' title='bbox 2508 1492 2750 1559; x_wconf 89' lang='lat' dir='ltr'><strong>similia</strong></span> 
     </span>
     <span class='ocr_line' id='line_1_12' title="bbox 402 1601 2742 1690; baseline -0.002 -21"><span class='ocrx_word' id='word_1_88' title='bbox 402 1604 472 1668; x_wconf 89' lang='lat' dir='ltr'><strong>in</strong></span> <span class='ocrx_word' id='word_1_89' title='bbox 526 1603 949 1669; x_wconf 73' lang='lat' dir='ltr'><strong>similitudine</strong></span> <span class='ocrx_word' id='word_1_90' title='bbox 1006 1605 1233 1669; x_wconf 91' lang='lat' dir='ltr'><strong>domus</strong></span> <span class='ocrx_word' id='word_1_91' title='bbox 1283 1603 1455 1669; x_wconf 88' lang='lat' dir='ltr'><strong>dicta</strong></span> <span class='ocrx_word' id='word_1_92' title='bbox 1508 1604 1815 1690; x_wconf 88' lang='lat' dir='ltr'><strong>leguntur</strong></span> <span class='ocrx_word' id='word_1_93' title='bbox 1870 1624 1967 1687; x_wconf 89' lang='lat' dir='ltr'><strong>ap.</strong></span> <span class='ocrx_word' id='word_1_94' title='bbox 2013 1601 2184 1667; x_wconf 87' lang='lat' dir='ltr'><strong>Plut.</strong></span> <span class='ocrx_word' id='word_1_95' title='bbox 2231 1604 2305 1668; x_wconf 84' lang='lat' dir='ltr'><strong>de</strong></span> <span class='ocrx_word' id='word_1_96' title='bbox 2347 1603 2567 1667; x_wconf 69' lang='grc' dir='ltr'><em>σιινὶοε.</em></span> <span class='ocrx_word' id='word_1_97' title='bbox 2615 1622 2663 1665; x_wconf 90' lang='lat' dir='ltr'><strong>c.</strong></span> <span class='ocrx_word' id='word_1_98' title='bbox 2710 1602 2742 1665; x_wconf 93' lang='lat'>1</span> 
     </span>
     <span class='ocr_line' id='line_1_13' title="bbox 400 1711 2635 1801; baseline 0 -26"><span class='ocrx_word' id='word_1_99' title='bbox 400 1734 463 1795; x_wconf 89' lang='lat' dir='ltr'><strong>p.</strong></span> <span class='ocrx_word' id='word_1_100' title='bbox 502 1711 648 1777; x_wconf 84' lang='lat'><strong>515.</strong></span> <span class='ocrx_word' id='word_1_101' title='bbox 2598 1768 2635 1801; x_wconf 47' lang='lat'><strong>4,</strong></span> 
     </span>
    </p>

    <p class='ocr_par' dir='ltr' id='par_1_3' title="bbox 397 1816 2751 2759">
     <span class='ocr_line' id='line_1_14' title="bbox 575 1816 2749 1905; baseline -0.002 -22"><span class='ocrx_word' id='word_1_102' title='bbox 575 1818 690 1884; x_wconf 90' lang='lat' dir='ltr'><strong>IV.</strong></span> <span class='ocrx_word' id='word_1_103' title='bbox 765 1817 929 1885; x_wconf 80' lang='lat' dir='ltr'><strong>Cum</strong></span> <span class='ocrx_word' id='word_1_104' title='bbox 983 1817 1186 1905; x_wconf 87' lang='lat' dir='ltr'><strong>igitur</strong></span> <span class='ocrx_word' id='word_1_105' title='bbox 1237 1819 1359 1883; x_wconf 90' lang='lat' dir='ltr'><strong>hac</strong></span> <span class='ocrx_word' id='word_1_106' title='bbox 1414 1842 1491 1885; x_wconf 85' lang='lat' dir='ltr'><strong>ex</strong></span> <span class='ocrx_word' id='word_1_107' title='bbox 1546 1817 2039 1883; x_wconf 80' lang='lat' dir='ltr'><strong>ratiocinatione</strong></span> <span class='ocrx_word' id='word_1_108' title='bbox 2085 1821 2257 1882; x_wconf 88' lang='lat' dir='ltr'><strong>recte</strong></span> <span class='ocrx_word' id='word_1_109' title='bbox 2304 1816 2749 1880; x_wconf 87' lang='lat' dir='ltr'><strong>admoneatur:</strong></span> 
     </span>
     <span class='ocr_line' id='line_1_15' title="bbox 402 1921 2750 2013; baseline -0.002 -22"><span class='ocrx_word' id='word_1_110' title='bbox 402 1923 556 1992; x_wconf 77' lang='grc' dir='ltr'><em>ἑλοῦ</em></span> <span class='ocrx_word' id='word_1_111' title='bbox 593 1929 792 1992; x_wconf 83' lang='grc' dir='ltr'><em>πόλιν</em></span> <span class='ocrx_word' id='word_1_112' title='bbox 827 1926 949 2009; x_wconf 82' lang='grc' dir='ltr'><strong>τὴν</strong></span> <span class='ocrx_word' id='word_1_113' title='bbox 987 1926 1264 2013; x_wconf 87' lang='grc' dir='ltr'><em>ἀρίστην</em></span> <span class='ocrx_word' id='word_1_114' title='bbox 1291 1924 1400 1991; x_wconf 87' lang='grc' dir='ltr'><strong>καὶ</strong></span> <span class='ocrx_word' id='word_1_115' title='bbox 1433 1924 1733 2011; x_wconf 81' lang='grc' dir='ltr'><em>ἡδίστην,</em></span> <span class='ocrx_word' id='word_1_116' title='bbox 1770 1924 2055 2010; x_wconf 79' lang='grc' dir='ltr'><strong><em>πατρίδα</em></strong></span> <span class='ocrx_word' id='word_1_117' title='bbox 2096 1921 2157 1988; x_wconf 88' lang='grc' dir='ltr'><strong>δ’</strong></span> <span class='ocrx_word' id='word_1_118' title='bbox 2192 1923 2400 2007; x_wconf 84' lang='grc' dir='ltr'><em>αὐτὴν</em></span> <span class='ocrx_word' id='word_1_119' title='bbox 2439 1923 2474 1988; x_wconf 89' lang='grc' dir='ltr'>ὁ</span> <span class='ocrx_word' id='word_1_120' title='bbox 2511 1925 2750 2009; x_wconf 78' lang='grc' dir='ltr'><strong><em>χρόνος</em></strong></span> 
     </span>
     <span class='ocr_line' id='line_1_16' title="bbox 398 2029 2749 2117; baseline -0.002 -18"><span class='ocrx_word' id='word_1_121' title='bbox 398 2035 680 2117; x_wconf 86' lang='grc' dir='ltr'><em>ποιήσει,</em></span> <span class='ocrx_word' id='word_1_122' title='bbox 727 2032 908 2097; x_wconf 80' lang='lat' dir='ltr'><strong>addit</strong></span> <span class='ocrx_word' id='word_1_123' title='bbox 944 2032 1330 2097; x_wconf 87' lang='lat' dir='ltr'><strong>Plutarchus</strong></span> <span class='ocrx_word' id='word_1_124' title='bbox 1369 2034 1568 2098; x_wconf 81' lang='lat' dir='ltr'><strong>verba</strong></span> <span class='ocrx_word' id='word_1_125' title='bbox 1601 2032 1787 2097; x_wconf 89' lang='lat' dir='ltr'><strong>haec:</strong></span> <span class='ocrx_word' id='word_1_126' title='bbox 1830 2029 1938 2096; x_wconf 78' lang='grc' dir='ltr'><strong>καὶ</strong></span> <span class='ocrx_word' id='word_1_127' title='bbox 1977 2032 2261 2117; x_wconf 79' lang='grc' dir='ltr'><em>πατρίδα</em></span> <span class='ocrx_word' id='word_1_128' title='bbox 2298 2031 2387 2116; x_wconf 81' lang='grc' dir='ltr'><strong>μὴ</strong></span> <span class='ocrx_word' id='word_1_129' title='bbox 2424 2041 2749 2117; x_wconf 81' lang='grc' dir='ltr'><em>περισπῶ-</em></span> 
     </span>
     <span class='ocr_line' id='line_1_17' title="bbox 400 2137 2750 2227; baseline -0 -24"><span class='ocrx_word' id='word_1_130' title='bbox 400 2155 547 2223; x_wconf 89' lang='grc' dir='ltr'><em>σαν,</em></span> <span class='ocrx_word' id='word_1_131' title='bbox 592 2140 680 2225; x_wconf 80' lang='grc' dir='ltr'><strong>μὴ</strong></span> <span class='ocrx_word' id='word_1_132' title='bbox 729 2138 1156 2226; x_wconf 79' lang='grc' dir='ltr'><em>ἐνοχλοῦσαν,</em></span> <span class='ocrx_word' id='word_1_133' title='bbox 1203 2141 1291 2226; x_wconf 81' lang='grc' dir='ltr'><strong>μὴ</strong></span> <span class='ocrx_word' id='word_1_134' title='bbox 1337 2141 1903 2227; x_wconf 79' lang='grc' dir='ltr'><em>προστάττουσαν·</em></span> <span class='ocrx_word' id='word_1_135' title='bbox 1952 2137 2299 2223; x_wconf 77' lang='grc' dir='ltr'><em>εἰσένεγκε,</em></span> <span class='ocrx_word' id='word_1_136' title='bbox 2340 2137 2750 2225; x_wconf 80' lang='grc' dir='ltr'><em>πρέσβευσον</em></span> 
     </span>
     <span class='ocr_line' id='line_1_18' title="bbox 400 2244 2748 2333; baseline -0.001 -23"><span class='ocrx_word' id='word_1_137' title='bbox 400 2248 496 2323; x_wconf 86' lang='grc' dir='ltr'><strong>εἰς</strong></span> <span class='ocrx_word' id='word_1_138' title='bbox 532 2244 803 2331; x_wconf 83' lang='grc' dir='ltr'><em>Ῥώμην,</em></span> <span class='ocrx_word' id='word_1_139' title='bbox 849 2247 1164 2327; x_wconf 82' lang='grc' dir='ltr'><em>ὑπόδεξαι</em></span> <span class='ocrx_word' id='word_1_140' title='bbox 1210 2250 1328 2314; x_wconf 87' lang='grc' dir='ltr'><strong>τὸν</strong></span> <span class='ocrx_word' id='word_1_141' title='bbox 1369 2246 1681 2333; x_wconf 76' lang='grc' dir='ltr'><em>ἡγεμόνα,</em></span> <span class='ocrx_word' id='word_1_142' title='bbox 1730 2247 2225 2330; x_wconf 82' lang='grc' dir='ltr'><em>λειτούργησον,</em></span> <span class='ocrx_word' id='word_1_143' title='bbox 2271 2245 2505 2330; x_wconf 88' lang='lat' dir='ltr'><strong>quibus</strong></span> <span class='ocrx_word' id='word_1_144' title='bbox 2542 2248 2748 2309; x_wconf 89' lang='lat' dir='ltr'><strong>trans-</strong></span> 
     </span>
     <span class='ocr_line' id='line_1_19' title="bbox 397 2348 2748 2442; baseline -0 -25"><span class='ocrx_word' id='word_1_145' title='bbox 397 2352 564 2417; x_wconf 91' lang='lat' dir='ltr'><strong>itum</strong></span> <span class='ocrx_word' id='word_1_146' title='bbox 629 2352 756 2417; x_wconf 91' lang='lat' dir='ltr'><strong>sibi</strong></span> <span class='ocrx_word' id='word_1_147' title='bbox 810 2358 998 2438; x_wconf 85' lang='lat' dir='ltr'><strong>parat</strong></span> <span class='ocrx_word' id='word_1_148' title='bbox 1061 2356 1141 2419; x_wconf 90' lang='lat' dir='ltr'><strong>ad</strong></span> <span class='ocrx_word' id='word_1_149' title='bbox 1196 2355 1536 2439; x_wconf 84' lang='lat' dir='ltr'><strong>parvulam</strong></span> <span class='ocrx_word' id='word_1_150' title='bbox 1601 2352 2141 2442; x_wconf 54' lang='lat' dir='ltr'><strong>consolationem..</strong></span> <span class='ocrx_word' id='word_1_151' title='bbox 2168 2351 2237 2417; x_wconf 94' lang='lat' dir='ltr'><strong>in</strong></span> <span class='ocrx_word' id='word_1_152' title='bbox 2280 2348 2604 2417; x_wconf 57' lang='lat' dir='ltr'><strong>⁶maiorem</strong></span> <span class='ocrx_word' id='word_1_153' title='bbox 2654 2351 2748 2416; x_wconf 92' lang='lat' dir='ltr'><strong>in-</strong></span> 
     </span>
     <span class='ocr_line' id='line_1_20' title="bbox 399 2458 2748 2548; baseline -0.001 -23"><span class='ocrx_word' id='word_1_154' title='bbox 399 2465 656 2548; x_wconf 83' lang='lat' dir='ltr'><strong>sertam,</strong></span> <span class='ocrx_word' id='word_1_155' title='bbox 702 2484 865 2546; x_wconf 91' lang='lat' dir='ltr'><strong>quae</strong></span> <span class='ocrx_word' id='word_1_156' title='bbox 913 2462 994 2525; x_wconf 84' lang='lat' dir='ltr'><strong>ad</strong></span> <span class='ocrx_word' id='word_1_157' title='bbox 1039 2484 1150 2527; x_wconf 89' lang='lat' dir='ltr'><strong>eos</strong></span> <span class='ocrx_word' id='word_1_158' title='bbox 1187 2462 1485 2547; x_wconf 84' lang='lat' dir='ltr'><strong>pertinet,</strong></span> <span class='ocrx_word' id='word_1_159' title='bbox 1525 2461 1761 2546; x_wconf 90' lang='lat' dir='ltr'><strong>quibus</strong></span> <span class='ocrx_word' id='word_1_160' title='bbox 1799 2483 1933 2526; x_wconf 89' lang='lat' dir='ltr'><strong>non</strong></span> <span class='ocrx_word' id='word_1_161' title='bbox 1969 2482 2047 2525; x_wconf 82' lang='lat' dir='ltr'><strong>ex</strong></span> <span class='ocrx_word' id='word_1_162' title='bbox 2084 2482 2211 2524; x_wconf 93' lang='lat' dir='ltr'><strong>uno</strong></span> <span class='ocrx_word' id='word_1_163' title='bbox 2252 2459 2487 2544; x_wconf 89' lang='lat' dir='ltr'><strong>oppido</strong></span> <span class='ocrx_word' id='word_1_164' title='bbox 2525 2458 2748 2523; x_wconf 89' lang='lat' dir='ltr'><strong>eiectis</strong></span> 
     </span>
     <span class='ocr_line' id='line_1_21' title="bbox 397 2560 2751 2657; baseline -0 -25"><span class='ocrx_word' id='word_1_165' title='bbox 397 2568 648 2653; x_wconf 89' lang='lat' dir='ltr'><strong>reliqua</strong></span> <span class='ocrx_word' id='word_1_166' title='bbox 700 2574 875 2633; x_wconf 90' lang='lat' dir='ltr'><strong>terra</strong></span> <span class='ocrx_word' id='word_1_167' title='bbox 918 2568 1220 2634; x_wconf 84' lang='lat' dir='ltr'><strong>universa</strong></span> <span class='ocrx_word' id='word_1_168' title='bbox 1264 2573 1510 2655; x_wconf 86' lang='lat' dir='ltr'><strong>pateat,</strong></span> <span class='ocrx_word' id='word_1_169' title='bbox 1569 2569 1681 2633; x_wconf 91' lang='lat' dir='ltr'><strong>sed</strong></span> <span class='ocrx_word' id='word_1_170' title='bbox 1728 2560 1829 2645; x_wconf 85' lang='grc' dir='ltr'><strong>οἷς</strong></span> <span class='ocrx_word' id='word_1_171' title='bbox 1876 2570 1971 2645; x_wconf 83' lang='grc' dir='ltr'><strong>εἰς</strong></span> <span class='ocrx_word' id='word_1_172' title='bbox 2014 2576 2223 2652; x_wconf 76' lang='grc' dir='ltr'><em>νῆσον</em></span> <span class='ocrx_word' id='word_1_173' title='bbox 2269 2566 2751 2657; x_wconf 77' lang='grc' dir='ltr'><em>ἀπῳκισμένοις</em></span> 
     </span>
     <span class='ocr_line' id='line_1_22' title="bbox 401 2674 1739 2759; baseline 0.005 -22"><span class='ocrx_word' id='word_1_174' title='bbox 401 2674 790 2759; x_wconf 80' lang='grc' dir='ltr'><em>ἀνεπίμικτα</em></span> <span class='ocrx_word' id='word_1_175' title='bbox 834 2678 914 2741; x_wconf 80' lang='grc' dir='ltr'><strong>τὰ</strong></span> <span class='ocrx_word' id='word_1_176' title='bbox 962 2678 1128 2741; x_wconf 73' lang='grc' dir='ltr'><em>ἄλλα</em></span> <span class='ocrx_word' id='word_1_177' title='bbox 1174 2688 1355 2742; x_wconf 81' lang='grc' dir='ltr'><em>ποιεῖ</em></span> <span class='ocrx_word' id='word_1_178' title='bbox 1736 2690 1739 2693; x_wconf 84' lang='grc'><strong><em>’</em></strong></span> 
     </span>
    </p>

    <p class='ocr_par' dir='ltr' id='par_1_4' title="bbox 401 2781 2353 2973">
     <span class='ocr_line' id='line_1_23' title="bbox 869 2781 2353 2869; baseline 0.001 -22"><span class='ocrx_word' id='word_1_179' title='bbox 869 2785 1111 2860; x_wconf 78' lang='grc' dir='ltr'><em>πόντος</em></span> <span class='ocrx_word' id='word_1_180' title='bbox 1155 2783 1344 2868; x_wconf 80' lang='grc' dir='ltr'><em>ἁλὸς,</em></span> <span class='ocrx_word' id='word_1_181' title='bbox 1389 2784 1424 2849; x_wconf 86' lang='grc' dir='ltr'><strong>ὃ</strong></span> <span class='ocrx_word' id='word_1_182' title='bbox 1451 2790 1698 2860; x_wconf 77' lang='grc' dir='ltr'><em>πολεῖς</em></span> <span class='ocrx_word' id='word_1_183' title='bbox 1743 2781 2058 2861; x_wconf 80' lang='grc' dir='ltr'><em>ἀέκοντας</em></span> <span class='ocrx_word' id='word_1_184' title='bbox 2105 2781 2353 2869; x_wconf 81' lang='grc' dir='ltr'><em>ἐρύκει,</em></span> 
     </span>
     <span class='ocr_line' id='line_1_24' title="bbox 401 2886 1579 2973; baseline 0.003 -22"><span class='ocrx_word' id='word_1_185' title='bbox 401 2891 476 2951; x_wconf 89' lang='lat' dir='ltr'><strong>ut</strong></span> <span class='ocrx_word' id='word_1_186' title='bbox 521 2886 856 2952; x_wconf 84' lang='lat' dir='ltr'><strong>Plutarchi</strong></span> <span class='ocrx_word' id='word_1_187' title='bbox 902 2889 1108 2973; x_wconf 88' lang='lat' dir='ltr'><strong>ipsius</strong></span> <span class='ocrx_word' id='word_1_188' title='bbox 1154 2890 1368 2955; x_wconf 85' lang='lat' dir='ltr'><strong>verbis</strong></span> <span class='ocrx_word' id='word_1_189' title='bbox 1415 2894 1579 2955; x_wconf 87' lang='lat' dir='ltr'><strong>utar.</strong></span> 
     </span>
    </p>

    <p class='ocr_par' dir='ltr' id='par_1_5' title="bbox 384 2993 2747 4474">
     <span class='ocr_line' id='line_1_25' title="bbox 579 2993 2747 3083; baseline 0.001 -25"><span class='ocrx_word' id='word_1_190' title='bbox 579 2993 754 3071; x_wconf 81' lang='lat' dir='ltr'><strong>Quae</strong></span> <span class='ocrx_word' id='word_1_191' title='bbox 809 2996 891 3059; x_wconf 85' lang='lat' dir='ltr'><strong>ab</strong></span> <span class='ocrx_word' id='word_1_192' title='bbox 947 2996 1072 3061; x_wconf 86' lang='lat' dir='ltr'><strong>hoc</strong></span> <span class='ocrx_word' id='word_1_193' title='bbox 1127 2998 1485 3083; x_wconf 89' lang='lat' dir='ltr'><strong>composita</strong></span> <span class='ocrx_word' id='word_1_194' title='bbox 1530 3020 1669 3063; x_wconf 88' lang='lat' dir='ltr'><strong>esse</strong></span> <span class='ocrx_word' id='word_1_195' title='bbox 1716 3003 1783 3063; x_wconf 91' lang='lat' dir='ltr'><strong>et</strong></span> <span class='ocrx_word' id='word_1_196' title='bbox 1826 2998 2071 3064; x_wconf 90' lang='lat' dir='ltr'><strong>inserta</strong></span> <span class='ocrx_word' id='word_1_197' title='bbox 2117 2997 2556 3082; x_wconf 87' lang='lat' dir='ltr'><strong>compluribus</strong></span> <span class='ocrx_word' id='word_1_198' title='bbox 2602 3020 2747 3082; x_wconf 88' lang='lat' dir='ltr'><strong>pro-</strong></span> 
     </span>
     <span class='ocr_line' id='line_1_26' title="bbox 398 3086 2745 3191; baseline 0.002 -27"><span class='ocrx_word' id='word_1_199' title='bbox 398 3102 594 3165; x_wconf 84' lang='lat' dir='ltr'><strong>batur</strong></span> <span class='ocrx_word' id='word_1_200' title='bbox 641 3086 892 3167; x_wconf 48' lang='lat' dir='ltr'><strong>causis(</strong></span> <span class='ocrx_word' id='word_1_201' title='bbox 951 3102 1122 3168; x_wconf 91' lang='lat' dir='ltr'><strong>Nam</strong></span> <span class='ocrx_word' id='word_1_202' title='bbox 1168 3108 1242 3167; x_wconf 87' lang='lat' dir='ltr'><strong>ut</strong></span> <span class='ocrx_word' id='word_1_203' title='bbox 1286 3104 1393 3168; x_wconf 91' lang='lat' dir='ltr'><strong>hic</strong></span> <span class='ocrx_word' id='word_1_204' title='bbox 1439 3104 1801 3170; x_wconf 87' lang='lat' dir='ltr'><strong>orationem</strong></span> <span class='ocrx_word' id='word_1_205' title='bbox 1845 3127 1978 3170; x_wconf 94' lang='lat' dir='ltr'><strong>non</strong></span> <span class='ocrx_word' id='word_1_206' title='bbox 2022 3098 2184 3169; x_wconf 86' lang='lat' dir='ltr'><strong>bene</strong></span> <span class='ocrx_word' id='word_1_207' title='bbox 2227 3105 2424 3169; x_wconf 91' lang='lat' dir='ltr'><strong>fluere</strong></span> <span class='ocrx_word' id='word_1_208' title='bbox 2461 3111 2745 3191; x_wconf 88' lang='lat' dir='ltr'><strong>apparet,</strong></span> 
     </span>
     <span class='ocr_line' id='line_1_27' title="bbox 398 3208 2747 3297; baseline 0.001 -25"><span class='ocrx_word' id='word_1_209' title='bbox 398 3208 493 3272; x_wconf 85' lang='lat' dir='ltr'><strong>ita</strong></span> <span class='ocrx_word' id='word_1_210' title='bbox 529 3208 698 3273; x_wconf 91' lang='lat' dir='ltr'><strong>male</strong></span> <span class='ocrx_word' id='word_1_211' title='bbox 737 3209 1038 3275; x_wconf 87' lang='lat' dir='ltr'><strong>cohaeret</strong></span> <span class='ocrx_word' id='word_1_212' title='bbox 1074 3211 1189 3276; x_wconf 92' lang='lat' dir='ltr'><strong>ubi</strong></span> <span class='ocrx_word' id='word_1_213' title='bbox 1226 3234 1300 3276; x_wconf 91' lang='lat' dir='ltr'><strong>eo</strong></span> <span class='ocrx_word' id='word_1_214' title='bbox 1338 3213 1505 3277; x_wconf 88' lang='lat' dir='ltr'><strong>unde</strong></span> <span class='ocrx_word' id='word_1_215' title='bbox 1543 3212 1871 3297; x_wconf 85' lang='lat' dir='ltr'><strong>digressus</strong></span> <span class='ocrx_word' id='word_1_216' title='bbox 1910 3216 2049 3277; x_wconf 87' lang='lat' dir='ltr'><strong>erat</strong></span> <span class='ocrx_word' id='word_1_217' title='bbox 2085 3212 2458 3297; x_wconf 81' lang='lat' dir='ltr'><strong>revertitur3</strong></span> <span class='ocrx_word' id='word_1_218' title='bbox 2504 3212 2747 3276; x_wconf 88' lang='lat' dir='ltr'><strong>accedit</strong></span> 
     </span>
     <span class='ocr_line' id='line_1_28' title="bbox 401 3315 2746 3406; baseline 0.003 -29"><span class='ocrx_word' id='word_1_219' title='bbox 401 3315 571 3397; x_wconf 89' lang='lat' dir='ltr'><strong>quod</strong></span> <span class='ocrx_word' id='word_1_220' title='bbox 627 3338 726 3401; x_wconf 92' lang='lat' dir='ltr'><strong>ea,</strong></span> <span class='ocrx_word' id='word_1_221' title='bbox 785 3318 1020 3402; x_wconf 91' lang='lat' dir='ltr'><strong>quibus</strong></span> <span class='ocrx_word' id='word_1_222' title='bbox 1078 3318 1215 3385; x_wconf 93' lang='lat' dir='ltr'><strong>illic</strong></span> <span class='ocrx_word' id='word_1_223' title='bbox 1268 3319 1582 3385; x_wconf 87' lang='lat' dir='ltr'><strong>transitus</strong></span> <span class='ocrx_word' id='word_1_224' title='bbox 1638 3322 1741 3406; x_wconf 90' lang='lat' dir='ltr'><strong>fit,</strong></span> <span class='ocrx_word' id='word_1_225' title='bbox 1798 3320 2281 3405; x_wconf 85' lang='lat' dir='ltr'><strong>subsequuntur</strong></span> <span class='ocrx_word' id='word_1_226' title='bbox 2333 3320 2531 3385; x_wconf 84' lang='lat' dir='ltr'><strong>verba</strong></span> <span class='ocrx_word' id='word_1_227' title='bbox 2583 3342 2746 3404; x_wconf 90' lang='lat' dir='ltr'><strong>quae</strong></span> 
     </span>
     <span class='ocr_line' id='line_1_29' title="bbox 402 3422 2747 3513; baseline 0.003 -30"><span class='ocrx_word' id='word_1_228' title='bbox 402 3422 666 3486; x_wconf 88' lang='lat' dir='ltr'><strong>eandem</strong></span> <span class='ocrx_word' id='word_1_229' title='bbox 704 3426 1108 3513; x_wconf 82' lang='lat' dir='ltr'><strong>sententiam,</strong></span> <span class='ocrx_word' id='word_1_230' title='bbox 1147 3450 1342 3512; x_wconf 90' lang='lat' dir='ltr'><strong>quam</strong></span> <span class='ocrx_word' id='word_1_231' title='bbox 1379 3428 1570 3492; x_wconf 89' lang='lat' dir='ltr'><strong>modo</strong></span> <span class='ocrx_word' id='word_1_232' title='bbox 1600 3428 1930 3492; x_wconf 87' lang='lat' dir='ltr'><strong>Romanae</strong></span> <span class='ocrx_word' id='word_1_233' title='bbox 1968 3426 2199 3491; x_wconf 89' lang='lat' dir='ltr'><strong>aetatis</strong></span> <span class='ocrx_word' id='word_1_234' title='bbox 2238 3428 2429 3492; x_wconf 87' lang='lat' dir='ltr'><strong>rebus</strong></span> <span class='ocrx_word' id='word_1_235' title='bbox 2458 3432 2747 3511; x_wconf 89' lang='lat' dir='ltr'><strong>aptatam</strong></span> 
     </span>
     <span class='ocr_line' id='line_1_30' title="bbox 400 3526 2747 3621; baseline 0.004 -32"><span class='ocrx_word' id='word_1_236' title='bbox 400 3526 673 3611; x_wconf 87' lang='lat' dir='ltr'><strong>legimus</strong></span> <span class='ocrx_word' id='word_1_237' title='bbox 683 3582 701 3615; x_wconf 96' lang='lat'><strong>,</strong></span> <span class='ocrx_word' id='word_1_238' title='bbox 766 3530 859 3595; x_wconf 89' lang='lat' dir='ltr'><strong>ita</strong></span> <span class='ocrx_word' id='word_1_239' title='bbox 919 3527 1221 3621; x_wconf 80' lang='lat' dir='ltr'><strong>reddunt,</strong></span> <span class='ocrx_word' id='word_1_240' title='bbox 1286 3541 1361 3599; x_wconf 91' lang='lat' dir='ltr'><strong>ut</strong></span> <span class='ocrx_word' id='word_1_241' title='bbox 1416 3534 1662 3600; x_wconf 85' lang='lat' dir='ltr'><strong>Graeco</strong></span> <span class='ocrx_word' id='word_1_242' title='bbox 1720 3534 1885 3599; x_wconf 91' lang='lat' dir='ltr'><strong>mori</strong></span> <span class='ocrx_word' id='word_1_243' title='bbox 1941 3534 2353 3620; x_wconf 88' lang='lat' dir='ltr'><strong>respondeat:</strong></span> <span class='ocrx_word' id='word_1_244' title='bbox 2402 3585 2416 3599; x_wconf 97' lang='lat'><strong>.</strong></span> <span class='ocrx_word' id='word_1_245' title='bbox 2447 3585 2462 3599; x_wconf 96' lang='lat'><strong>.</strong></span> <span class='ocrx_word' id='word_1_246' title='bbox 2511 3533 2615 3600; x_wconf 79' lang='grc' dir='ltr'><strong>σοὶ</strong></span> <span class='ocrx_word' id='word_1_247' title='bbox 2672 3531 2747 3599; x_wconf 72' lang='grc' dir='ltr'><strong>δὲ</strong></span> 
     </span>
     <span class='ocr_line' id='line_1_31' title="bbox 400 3634 2747 3731; baseline 0.003 -33"><span class='ocrx_word' id='word_1_248' title='bbox 400 3646 632 3701; x_wconf 82' lang='grc' dir='ltr'><em>πασῶν</em></span> <span class='ocrx_word' id='word_1_249' title='bbox 688 3634 866 3703; x_wconf 79' lang='grc' dir='ltr'><em>ἐστιν</em></span> <span class='ocrx_word' id='word_1_250' title='bbox 921 3639 1184 3719; x_wconf 81' lang='grc' dir='ltr'><em>ἐξουσία</em></span> <span class='ocrx_word' id='word_1_251' title='bbox 1238 3641 1280 3727; x_wconf 84' lang='grc' dir='ltr'><em>ἡ</em></span> <span class='ocrx_word' id='word_1_252' title='bbox 1326 3652 1480 3728; x_wconf 86' lang='grc' dir='ltr'><em>μιᾶς</em></span> <span class='ocrx_word' id='word_1_253' title='bbox 1532 3644 1835 3720; x_wconf 81' lang='grc' dir='ltr'><em>κώλυσις.</em></span> <span class='ocrx_word' id='word_1_254' title='bbox 1874 3680 1959 3689; x_wconf 92' lang='grc'><strong>-</strong></span> <span class='ocrx_word' id='word_1_255' title='bbox 1993 3636 2185 3707; x_wconf 80' lang='grc' dir='ltr'><strong>Ἀλλά</strong></span> <span class='ocrx_word' id='word_1_256' title='bbox 2241 3643 2374 3727; x_wconf 81' lang='grc' dir='ltr'><strong>μὴν</strong></span> <span class='ocrx_word' id='word_1_257' title='bbox 2427 3652 2545 3731; x_wconf 75' lang='grc' dir='ltr'><strong>τῷ·</strong></span> <span class='ocrx_word' id='word_1_258' title='bbox 2606 3642 2747 3705; x_wconf 87' lang='grc' dir='ltr'><strong>Οὐκ</strong></span> 
     </span>
     <span class='ocr_line' id='line_1_32' title="bbox 401 3742 2747 3840; baseline 0.003 -35"><span class='ocrx_word' id='word_1_259' title='bbox 401 3742 690 3827; x_wconf 76' lang='grc' dir='ltr'><em>ἄρχομεν</em></span> <span class='ocrx_word' id='word_1_260' title='bbox 727 3764 778 3808; x_wconf 90' lang='lat' dir='ltr'><strong>e.</strong></span> <span class='ocrx_word' id='word_1_261' title='bbox 809 3766 868 3828; x_wconf 90' lang='lat' dir='ltr'><strong>q.</strong></span> <span class='ocrx_word' id='word_1_262' title='bbox 899 3767 946 3809; x_wconf 77' lang='lat' dir='ltr'><strong>s,</strong></span> <span class='ocrx_word' id='word_1_263' title='bbox 985 3743 1063 3833; x_wconf 88' lang='lat' dir='ltr'><strong>(c.</strong></span> <span class='ocrx_word' id='word_1_264' title='bbox 1093 3748 1172 3812; x_wconf 70' lang='lat'><strong>12</strong></span> <span class='ocrx_word' id='word_1_265' title='bbox 1210 3771 1271 3832; x_wconf 91' lang='lat' dir='ltr'><strong>p.</strong></span> <span class='ocrx_word' id='word_1_266' title='bbox 1293 3750 1422 3815; x_wconf 86' lang='lat'><strong>604</strong></span> <span class='ocrx_word' id='word_1_267' title='bbox 1442 3748 1547 3837; x_wconf 88' lang='grc' dir='ltr'><strong>Β).</strong></span> <span class='ocrx_word' id='word_1_268' title='bbox 1621 3747 1847 3833; x_wconf 91' lang='lat' dir='ltr'><strong>Neque</strong></span> <span class='ocrx_word' id='word_1_269' title='bbox 1887 3748 2148 3814; x_wconf 88' lang='lat' dir='ltr'><strong>omnino</strong></span> <span class='ocrx_word' id='word_1_270' title='bbox 2187 3749 2339 3840; x_wconf 88' lang='lat' dir='ltr'><strong>talis</strong></span> <span class='ocrx_word' id='word_1_271' title='bbox 2378 3752 2477 3812; x_wconf 88' lang='lat' dir='ltr'><strong>est</strong></span> <span class='ocrx_word' id='word_1_272' title='bbox 2513 3747 2747 3811; x_wconf 89' lang='lat' dir='ltr'><strong>horum</strong></span> 
     </span>
     <span class='ocr_line' id='line_1_33' title="bbox 400 3848 2745 3940; baseline 0.003 -29"><span class='ocrx_word' id='word_1_273' title='bbox 400 3848 688 3932; x_wconf 88' lang='lat' dir='ltr'><strong>capitum</strong></span> <span class='ocrx_word' id='word_1_274' title='bbox 741 3849 908 3915; x_wconf 88' lang='lat' dir='ltr'><strong>ratio</strong></span> <span class='ocrx_word' id='word_1_275' title='bbox 918 3904 936 3937; x_wconf 96' lang='lat'><strong>,</strong></span> <span class='ocrx_word' id='word_1_276' title='bbox 991 3858 1066 3917; x_wconf 91' lang='lat' dir='ltr'><strong>ut</strong></span> <span class='ocrx_word' id='word_1_277' title='bbox 1111 3876 1144 3917; x_wconf 91' lang='lat' dir='ltr'><strong>e</strong></span> <span class='ocrx_word' id='word_1_278' title='bbox 1190 3854 1367 3919; x_wconf 86' lang='lat' dir='ltr'><strong>fonte</strong></span> <span class='ocrx_word' id='word_1_279' title='bbox 1422 3854 1654 3920; x_wconf 88' lang='lat' dir='ltr'><strong>aetatis</strong></span> <span class='ocrx_word' id='word_1_280' title='bbox 1711 3855 1947 3940; x_wconf 89' lang='lat' dir='ltr'><strong>prioris</strong></span> <span class='ocrx_word' id='word_1_281' title='bbox 1998 3857 2234 3920; x_wconf 88' lang='lat' dir='ltr'><strong>hausta</strong></span> <span class='ocrx_word' id='word_1_282' title='bbox 2279 3877 2435 3933; x_wconf 21' lang='lat' dir='ltr'><strong>esse*</strong></span> <span class='ocrx_word' id='word_1_283' title='bbox 2462 3853 2745 3939; x_wconf 65' lang='lat' dir='ltr'><strong>possint-,3</strong></span> 
     </span>
     <span class='ocr_line' id='line_1_34' title="bbox 384 3944 2742 4046; baseline 0.002 -27"><span class='ocrx_word' id='word_1_284' title='bbox 384 3949 584 4042; x_wconf 71' lang='lat' dir='ltr'><strong>&#39;„nam</strong></span> <span class='ocrx_word' id='word_1_285' title='bbox 623 3955 991 4025; x_wconf 83' lang='lat' dir='ltr'><strong>immanitas</strong></span> <span class='ocrx_word' id='word_1_286' title='bbox 1025 3959 1156 4046; x_wconf 90' lang='lat' dir='ltr'><strong>illa,</strong></span> <span class='ocrx_word' id='word_1_287' title='bbox 1185 4000 1271 4009; x_wconf 90' lang='lat'><strong>—-</strong></span> <span class='ocrx_word' id='word_1_288' title='bbox 1299 3966 1374 4027; x_wconf 88' lang='lat' dir='ltr'><strong>ut</strong></span> <span class='ocrx_word' id='word_1_289' title='bbox 1401 3962 1708 4027; x_wconf 85' lang='lat' dir='ltr'><strong>Odofredi</strong></span> <span class='ocrx_word' id='word_1_290' title='bbox 1736 3944 2034 4028; x_wconf 90' lang='lat' dir='ltr'><strong>Muelleri</strong></span> <span class='ocrx_word' id='word_1_291' title='bbox 2072 3963 2285 4029; x_wconf 83' lang='lat' dir='ltr'><strong>verbis</strong></span> <span class='ocrx_word' id='word_1_292' title='bbox 2323 3966 2473 4026; x_wconf 88' lang='lat' dir='ltr'><strong>utar</strong></span> <span class='ocrx_word' id='word_1_293' title='bbox 2502 3999 2577 4008; x_wconf 89' lang='lat'>—</span> <span class='ocrx_word' id='word_1_294' title='bbox 2615 3983 2742 4045; x_wconf 89' lang='lat' dir='ltr'><strong>qua</strong></span> 
     </span>
     <span class='ocr_line' id='line_1_35' title="bbox 399 4063 2745 4155; baseline 0.002 -28"><span class='ocrx_word' id='word_1_295' title='bbox 399 4063 571 4128; x_wconf 86' lang='lat' dir='ltr'><strong>exuli</strong></span> <span class='ocrx_word' id='word_1_296' title='bbox 618 4064 816 4129; x_wconf 91' lang='lat' dir='ltr'><strong>etiam</strong></span> <span class='ocrx_word' id='word_1_297' title='bbox 862 4065 1235 4151; x_wconf 83' lang='lat' dir='ltr'><strong>peregrinae</strong></span> <span class='ocrx_word' id='word_1_298' title='bbox 1280 4071 1488 4133; x_wconf 87' lang='lat' dir='ltr'><strong>terrae</strong></span> <span class='ocrx_word' id='word_1_299' title='bbox 1534 4068 1603 4134; x_wconf 94' lang='lat' dir='ltr'><strong>in</strong></span> <span class='ocrx_word' id='word_1_300' title='bbox 1652 4092 1812 4155; x_wconf 93' lang='lat' dir='ltr'><strong>quas</strong></span> <span class='ocrx_word' id='word_1_301' title='bbox 1860 4069 2207 4155; x_wconf 87' lang='lat' dir='ltr'><strong>expellitur</strong></span> <span class='ocrx_word' id='word_1_302' title='bbox 2251 4066 2745 4154; x_wconf 86' lang='lat' dir='ltr'><strong>interdicuntur,</strong></span> 
     </span>
     <span class='ocr_line' id='line_1_36' title="bbox 399 4171 2745 4261; baseline 0.001 -26"><span class='ocrx_word' id='word_1_303' title='bbox 399 4171 660 4238; x_wconf 78' lang='lat' dir='ltr'><strong>Graecis</strong></span> <span class='ocrx_word' id='word_1_304' title='bbox 698 4172 1031 4258; x_wconf 84' lang='lat' dir='ltr'><strong>incognita</strong></span> <span class='ocrx_word' id='word_1_305' title='bbox 1066 4174 1262 4239; x_wconf 82' lang='lat' dir='ltr'><strong>erat.“</strong></span> <span class='ocrx_word' id='word_1_306' title='bbox 1332 4174 1613 4261; x_wconf 83' lang='lat' dir='ltr'><strong>Collegit</strong></span> <span class='ocrx_word' id='word_1_307' title='bbox 1653 4176 1858 4261; x_wconf 86' lang='lat' dir='ltr'><strong>igitur</strong></span> <span class='ocrx_word' id='word_1_308' title='bbox 1893 4176 2280 4241; x_wconf 89' lang='lat' dir='ltr'><strong>Plutarchus</strong></span> <span class='ocrx_word' id='word_1_309' title='bbox 2329 4181 2527 4260; x_wconf 87' lang='lat' dir='ltr'><strong>atque</strong></span> <span class='ocrx_word' id='word_1_310' title='bbox 2574 4174 2745 4239; x_wconf 88' lang='lat' dir='ltr'><strong>inter</strong></span> 
     </span>
     <span class='ocr_line' id='line_1_37' title="bbox 403 4280 2745 4366; baseline 0.002 -24"><span class='ocrx_word' id='word_1_311' title='bbox 403 4300 469 4342; x_wconf 89' lang='lat' dir='ltr'><strong>se</strong></span> <span class='ocrx_word' id='word_1_312' title='bbox 516 4280 848 4345; x_wconf 84' lang='lat' dir='ltr'><strong>coniunxit</strong></span> <span class='ocrx_word' id='word_1_313' title='bbox 895 4304 1057 4366; x_wconf 89' lang='lat' dir='ltr'><strong>quae</strong></span> <span class='ocrx_word' id='word_1_314' title='bbox 1104 4282 1182 4346; x_wconf 90' lang='lat' dir='ltr'><strong>de</strong></span> <span class='ocrx_word' id='word_1_315' title='bbox 1230 4283 1755 4347; x_wconf 87' lang='lat' dir='ltr'><strong>commorationis</strong></span> <span class='ocrx_word' id='word_1_316' title='bbox 1802 4282 1873 4347; x_wconf 93' lang='lat' dir='ltr'><strong>in</strong></span> <span class='ocrx_word' id='word_1_317' title='bbox 1916 4283 2132 4348; x_wconf 85' lang='lat' dir='ltr'><strong>insula</strong></span> <span class='ocrx_word' id='word_1_318' title='bbox 2177 4282 2530 4347; x_wconf 89' lang='lat' dir='ltr'><strong>commodis</strong></span> <span class='ocrx_word' id='word_1_319' title='bbox 2569 4283 2745 4347; x_wconf 87' lang='lat' dir='ltr'><strong>dicta</strong></span> 
     </span>
     <span class='ocr_line' id='line_1_38' title="bbox 403 4384 2744 4474; baseline 0.003 -26"><span class='ocrx_word' id='word_1_320' title='bbox 403 4384 791 4452; x_wconf 84' lang='lat' dir='ltr'><strong>inveniebat:</strong></span> <span class='ocrx_word' id='word_1_321' title='bbox 838 4386 932 4451; x_wconf 91' lang='lat' dir='ltr'><strong>sic</strong></span> <span class='ocrx_word' id='word_1_322' title='bbox 977 4386 1362 4474; x_wconf 86' lang='lat' dir='ltr'><strong>explicatur,</strong></span> <span class='ocrx_word' id='word_1_323' title='bbox 1409 4389 1582 4474; x_wconf 92' lang='lat' dir='ltr'><strong>quod</strong></span> <span class='ocrx_word' id='word_1_324' title='bbox 1629 4389 1852 4453; x_wconf 89' lang='lat' dir='ltr'><strong>eadem</strong></span> <span class='ocrx_word' id='word_1_325' title='bbox 1900 4389 2221 4454; x_wconf 88' lang='lat' dir='ltr'><strong>sententia</strong></span> <span class='ocrx_word' id='word_1_326' title='bbox 2267 4388 2522 4474; x_wconf 90' lang='lat' dir='ltr'><strong>saepius</strong></span> <span class='ocrx_word' id='word_1_327' title='bbox 2570 4412 2744 4474; x_wconf 90' lang='lat' dir='ltr'><strong>repe-</strong></span> 
     </span>
    </p>
   </div>
   <div class='ocr_carea' id='block_1_3' title="bbox 402 4490 2745 4657">
    <p class='ocr_par' dir='ltr' id='par_1_6' title="bbox 402 4490 2745 4657">
     <span class='ocr_line' id='line_1_39' title="bbox 402 4490 2745 4585; baseline 0.003 -30"><span class='ocrx_word' id='word_1_328' title='bbox 402 4490 590 4579; x_wconf 88' lang='lat' dir='ltr'><strong>titur,</strong></span> <span class='ocrx_word' id='word_1_329' title='bbox 646 4493 824 4559; x_wconf 84' lang='lat' dir='ltr'><strong>velut</strong></span> <span class='ocrx_word' id='word_1_330' title='bbox 873 4516 991 4559; x_wconf 91' lang='lat' dir='ltr'><strong>nos</strong></span> <span class='ocrx_word' id='word_1_331' title='bbox 1040 4518 1078 4559; x_wconf 91' lang='lat' dir='ltr'><strong>a</strong></span> <span class='ocrx_word' id='word_1_332' title='bbox 1121 4494 1400 4581; x_wconf 88' lang='lat' dir='ltr'><strong>publicis</strong></span> <span class='ocrx_word' id='word_1_333' title='bbox 1449 4494 1681 4560; x_wconf 86' lang='lat' dir='ltr'><strong>officiis</strong></span> <span class='ocrx_word' id='word_1_334' title='bbox 1728 4519 1952 4561; x_wconf 84' lang='lat' dir='ltr'><strong>vacare</strong></span> <span class='ocrx_word' id='word_1_335' title='bbox 2000 4494 2083 4585; x_wconf 86' lang='lat' dir='ltr'><strong>(c.</strong></span> <span class='ocrx_word' id='word_1_336' title='bbox 2123 4498 2161 4562; x_wconf 90' lang='grc'>8</span> <span class='ocrx_word' id='word_1_337' title='bbox 2210 4520 2268 4581; x_wconf 89' lang='lat' dir='ltr'><strong>p.</strong></span> <span class='ocrx_word' id='word_1_338' title='bbox 2310 4498 2439 4563; x_wconf 80' lang='lat'><strong>602</strong></span> <span class='ocrx_word' id='word_1_339' title='bbox 2487 4495 2565 4583; x_wconf 65' lang='grc' dir='ltr'><strong>Ο,</strong></span> <span class='ocrx_word' id='word_1_340' title='bbox 2613 4519 2663 4561; x_wconf 94' lang='lat' dir='ltr'><strong>c.</strong></span> <span class='ocrx_word' id='word_1_341' title='bbox 2704 4500 2745 4562; x_wconf 85' lang='lat'>9</span> 
     </span>
     <span class='ocr_line' id='line_1_40' title="bbox 2247 4602 2317 4657; baseline 0 -25"><span class='ocrx_word' id='word_1_342' title='bbox 2247 4602 2317 4657; x_wconf 66' lang='lat'><strong>0*</strong></span> 
     </span>
    </p>
   </div>
  </div>
 </body>
</html>
