3309 5167
1503 418 1576 424 ,-
1676 378 1761 442 70
1858 415 1931 422 -.-

907 540 1164 625 Θερμάς
1207 564 1277 605 τε
1322 564 1438 617 τας
1484 537 1801 625 Νέρωνος
1846 537 2159 624 Μάρκιόν
2205 534 2278 601 θ’
2326 536 2528 622 ὕδωρ.

507 655 513 664 ’
548 668 754 745 Quam
780 665 1286 734 ludificationem
1315 687 1627 731 versuum
1645 664 1908 729 illorum
1930 662 2261 748 Euripidis
2284 661 2551 749 (Phoen.
2575 662 2700 727 367
2717 657 2887 747 sqq.)

1331 790 1757 875 πολύδακρυς
1802 786 1861 853 δ’
1917 788 2254 873 ἀφικόμην

733 901 1000 984 χρόνιος
1047 898 1213 963 ἰδὼν
1257 896 1562 983 μέλαθρα
1605 894 1716 960 καὶ
1762 893 2027 979 βωμοὺς
2070 902 2254 959 θεῶν

727 1004 1124 1089 γυμνάσιά
1167 1002 1240 1069 θ’
1302 994 1514 1069 οἷσιν
1561 1002 2003 1087 ἐνετράφην
2049 1005 2349 1086 Δίρκης
2392 998 2463 1065 θ’
2514 1000 2756 1085 ὕδωρ,

711 1107 829 1191 ,ὧν
873 1111 955 1177 οὐ
1003 1114 1273 1189 δικαίως
1317 1108 1676 1186 ἀπελαθεὶς
1723 1108 1916 1192 ξένην
1960 1111 2160 1174 πόλιν

726 1224 894 1285 ναίω
940 1217 1031 1284 δι’
1082 1220 1301 1284 ὅσσων
1346 1214 1500 1302 ὔμμ’
1552 1219 1721 1302 ἔχων
1768 1218 2230 1302 δακρυρροοῦν

549 1368 684 1410 11011
737 1367 856 1409 3110
913 1344 1142 1408 debere
1189 1342 1447 1428 ingenio
1495 1341 1873 1427 Epictetum
1919 1364 2064 1405 cum
2109 1364 2223 1424 per
2270 1364 2337 1404 se
2383 1340 2729 1405 verisimile
2777 1345 2894 1423 est,

550 1457 693 1517 tum
739 1475 814 1516 eo
851 1442 1204 1535 probatur,·
1230 1449 1402 1535 quod
1449 1453 1514 1513 et
1551 1448 1875 1513 sententia
1912 1453 1979 1512 et
2012 1447 2221 1512 forma
2256 1446 2481 1511 Bionis
2519 1447 2893 1511 memoriam

553 1560 765 1642 affert,
821 1557 876 1621 si
933 1580 1078 1621 cum
1133 1554 1225 1621 eis
1282 1578 1446 1641 quae
1493 1559 1854 1641 sequuntur
1899 1553 2111 1619 verbis
2162 1556 2263 1619 ἴδε
2308 1565 2447 1631 πῶς
2502 1554 2895 1641 τραγῳδία

553 1670 888 1750 γίνεται,
953 1664 1113 1729 ὅταν
1168 1665 1264 1739 εἰς
1317 1662 1582 1748 μωροὺς
1637 1662 2042 1748 ἀνθρώπους
2095 1661 2443 1747 πράγματα
2497 1659 2576 1725 τὰ
2631 1657 2891 1744 τυχόντ’

556 1773 800 1858 ἐμπεσῇ
849 1793 1182 1854 comparas
1229 1768 1361 1854 illa,
1410 1792 1571 1854 quae
1619 1769 1927 1853 leguntur
1970 1768 2039 1833 in
2074 1767 2205 1832 Tel.
2245 1790 2308 1833 π.
2340 1777 2559 1852 φυγῆς
2604 1790 2896 1831 3611110116

555 1905 617 1967 p.
664 1882 768 1964 22,
815 1882 882 1943 2:
957 1874 1099 1943 ἀλλ’
1169 1876 1209 1959 ἡ
1274 1874 1426 1963 περὶ
1489 1885 1705 1960 ταφῆς
1768 1875 2021 1958 ἀγωνία
2095 1874 2389 1951 πολλὰς
2459 1875 2899 1963 τραγῳδίας

557 1987 943 2069 ἐποίησεν.
1051 1983 1300 2048 Eodem
1371 2004 1490 2047 nos
1564 1981 1745 2047 ducit
1814 1982 1929 2046 illa
1999 1981 2191 2047 huius
2265 2004 2489 2046 versus
2564 1981 2899 2066 Euripidei

555 2093 1100 2179 παραδιόρθωσις
1145 2129 1218 2137 -
1261 2114 1339 2155 ex
1385 2113 1513 2176 qua
1557 2094 1891 2175 praeterea
1939 2110 2287 2174 cognoscas
2337 2088 2512 2174 licet,
2569 2089 2901 2153 meliorem

555 2198 1015 2283 philosophum
1063 2219 1256 2281 quam
1305 2201 1564 2280 poetam
1611 2195 1714 2261 vel
1762 2194 2101 2260 metricum
2147 2195 2347 2260 fuisse
2394 2195 2767 2287 Epictetum
2804 2232 2902 2279 -,

558 2306 779 2390 quales
790 2356 807 2389 ,
862 2309 936 2368 ut
990 2302 1483 2393 Homeri-corum
1538 2325 1843 2367 versuum
1898 2302 2327 2387 detorsioneS,
2383 2326 2422 2366 a
2477 2300 2736 2387 Cynicis
2798 2302 2902 2366 ad-

556 2412 798 2477 hibitas
846 2434 984 2475 6336
1032 2414 1301 2495 apparet
1345 2432 1423 2473 ex
1469 2409 1779 2494 exemplis
1828 2434 1867 2473 a
1900 2409 2183 2474 Webero
2231 2410 2269 2474 1.
2313 2432 2360 2473 6.
2400 2433 2458 2493 p.
2500 2409 2631 2474 210
2678 2408 2820 2473 adn.
2867 2411 2900 2474 1

558 2518 864 2605 31131131),
936 2517 1129 2582 sicuti
1200 2517 1372 2581 hunc
1444 2515 1660 2601 ipsum
1723 2540 1980 2581 versum
2044 2516 2124 2583 ad
2187 2518 2603 2602 μικρολόγων
2666 2513 2906 2602 1111032)

708 2734 758 2800 1)
799 2729 1124 2799 Complures
1190 2728 1367 2782 habes
1434 2745 1524 2797 ap.
1580 2728 1728 2793 Plut.
1787 2746 1960 2799 quom.
2016 2730 2160 2782 adol.
2211 2734 2355 2797 poet.
2402 2729 2532 2782 aud.
2581 2729 2693 2782 deb.
2742 2744 2787 2780 c.
2842 2733 2904 2779 12

558 2838 611 2889 p.
652 2825 719 2871 33
741 2818 782 2873 C
804 2835 950 2886 sqq.;
996 2819 1061 2872 de
1095 2819 1304 2888 yart-ul.
1346 2834 1390 2873 c.
1436 2825 1479 2872 1.
1521 2850 1587 2857 —
1626 2818 1715 2873 De
1753 2818 1989 2873 Homero
2025 2818 2089 2871 in
2124 2818 2591 2888 apophtheymatis
2636 2822 2904 2885 usurpato

562 2909 630 2963 cf.
669 2908 715 2961 T
727 2925 756 2962 6
768 2925 804 2960 11
815 2908 880 2961 fe
890 2906 948 2960 ri
987 2905 1454 2967 dissertationem.

657 3044 674 3057 „
703 3000 757 3065 2)
795 2996 878 3051 De
932 2996 1021 3050 his
1077 2995 1228 3049 enim
1274 2996 1486 3066 agitur,
1543 3013 1655 3050 non
1704 2996 1773 3049 de
1819 2993 2435 3077 Μ631116113111111111113,
2494 2996 2558 3049 ut
2606 2995 2904 3063 praecepta

562 3085 664 3139 illa
708 3102 821 3138 non
864 3086 1062 3139 horum
1111 3087 1264 3152 sunt,
1313 3086 1412 3140 sed
1459 3102 1781 3152 avarorum,
1829 3084 1890 3138 id
1943 3085 2094 3155 quod
2132 3084 2379 3138 dilucide
2419 3083 2688 3154 scriptum
2726 3084 2896 3139 extat:

562 3176 628 3229 οὗ
665 3174 772 3245 γὰρ
810 3173 986 3244 μόνον
1023 3173 1170 3228 κατὰ
1206 3174 1304 3228 τὸν
1343 3176 1661 3245 Εὐριπίδην

1149 3258 1444 3317 Ἀκόλαστα
1480 3263 1665 3331 πάντη
1704 3266 1919 3333 γίνεται
1955 3262 2171 3317 δούλων
2208 3258 2405 3329 τέκνα,

563 3352 704 3406 ἀλλὰ
757 3352 855 3405 καὶ
901 3360 1027 3405 τῶν
1075 3350 1524 3423 μικρολόγων,
1580 3352 1913 3420 quibuscum
1962 3350 2241 3405 artissime
2289 3351 2590 3405 cohaerent
2633 3369 2778 3419 quae
2826 3369 2907 3405 se-

564 3442 836 3509 quunture
873 3439 971 3494 καὶ
1006 3440 1114 3511 γὰρ
1153 3440 1251 3503 οὓς
1287 3443 1516 3496 δοκοῦσι
1553 3441 1848 3496 παιδεύειν
1878 3440 2217 3495 ἀπολλύουσι
2245 3440 2343 3494 καὶ
2370 3440 2912 3512 προσδιαστρέφουσι

565 3525 971 3601 ἐμφυτεύοντες
1015 3529 1118 3599 τὴν
1165 3531 1348 3585 αὐτῶν
1395 3532 1770 3602 φιλαργυρίαν
1818 3530 1915 3584 καὶ
1952 3532 2420 3600 μικρολογίαν.
2497 3528 2604 3595 Qui
2642 3530 2791 3585 enim
2826 3530 2910 3585 in-

564 3618 815 3672 tulerunt
865 3634 1198 3687 „puerorum
1243 3619 1661 3673 educandorum
1704 3618 1981 3673 rationem
2017 3618 2397 3689 Megaricam“
2435 3622 2492 3673 et
2528 3619 2911 3690 „Megaricos“

564 3707 749 3760 Hense
789 3704 1058 3774 (prolegg.
1089 3724 1141 3774 p.
1171 3705 1364 3774 LXlX)
1403 3710 1460 3760 et
1486 3706 1697 3762 Heinze
1734 3708 1828 3777 (de
1855 3708 1985 3762 Hor.
2016 3706 2208 3761 Bionis
2238 3706 2379 3763 imit.
2410 3728 2462 3778 p.
2499 3710 2584 3778 19)
2619 3725 2730 3763 11011
2757 3709 2912 3764 vide-

565 3797 719 3862 runt,
764 3793 908 3848 illud
945 3793 1212 3863 Diogenis
1251 3795 1670 3866 apophthegma
1714 3796 1895 3850 obiter
1932 3796 2103 3851 inseri
2140 3796 2237 3867 (ὥς
2271 3817 2382 3851 που
2420 3797 2537 3866 καὶ)
2574 3815 2754 3867 neque
2793 3805 2915 3852 arte

567 3903 693 3938 cum
738 3886 864 3938 tota
898 3884 1005 3937 hac
1044 3882 1529 3951 argumentatione
1568 3886 1864 3940 cohaerere
1904 3889 2106 3955 (neque
2142 3886 2295 3939 enim
2330 3887 2503 3941 verba
2540 3888 2915 3956 consentiunt,

568 3992 694 4027 cum
739 3972 836 4027 καὶ
879 3971 987 4041 γὰρ
1034 3971 1131 4034 οὓς
1175 3973 1460 4027 δοκοῦσι
1507 3989 1553 4028 6.
1583 3992 1634 4043 q.
1670 3993 1711 4029 3.
1760 3975 1835 4027 ad
1883 3974 2167 4044 singulare
2212 3976 2519 4046 Μεγαρέως
2564 3977 2773 4046 ἀνδρός
2818 3976 2914 4030 vix

566 4063 760 4117 referri
802 4060 1069 4133 possint),
1125 4063 1188 4115 ut
1232 4061 1399 4131 plane
1447 4061 1622 4116 alium
1671 4080 1895 4118 sensum
1942 4064 2189 4119 efficiens
2234 4068 2497 4119 narratur
2541 4067 2693 4136 apud
2730 4067 2913 4121 Laert.

566 4152 726 4221 Diog.
767 4150 880 4220 (VI,
911 4153 1030 4220 41):
1072 4148 1170 4207 Ἐν
1206 4150 1495 4222 Μεγάροις
1543 4149 1679 4206 ἰδὼν
1726 4152 1796 4206 τὰ
1841 4152 1943 4223 μὲν
1988 4153 2246 4227 πρόβατα
2292 4161 2408 4217 τοῖς
2448 4153 2719 4225 δέρμασιν
2763 4151 2915 4211 ἐσκε-

569 4237 844 4311 πασμένα,
881 4241 1010 4303 τοὺς
1047 4240 1109 4295 δὲ
1146 4242 1357 4304 παῖδας
1393 4242 1577 4296 αὐτῶν
1614 4242 1874 4311 γυμνούς,
1915 4240 2024 4311 ἔφη
2061 4240 2539 4313 ,,λυσιτελε’στερόν
2578 4239 2692 4299 ἐστι
2721 4249 2917 4315 Μεγα-

569 4329 705 4398 ρέως
732 4329 891 4398 κριὸν
922 4327 1070 4384 εἶναι
1098 4325 1133 4397 ἢ
1163 4326 1342 4384 υἷόν“.
1409 4328 1676 4399 (Megaris
1706 4346 1838 4384 oves
1864 4332 2060 4399 pastas
2091 4348 2230 4398 esse,
2258 4330 2389 4384 inde
2419 4332 2679 4386 concludi
2708 4334 2913 4401 potest,

566 4419 716 4487 quod
761 4418 908 4472 inter
953 4436 1048 4473 eas
1093 4436 1208 4488 163,
1256 4435 1396 4487 quas
1439 4419 1795 4489 Megarenses
1843 4419 2093 4474 Athenas
2140 4421 2464 4489 exportasse
2502 4420 2911 4491 Aristophanes

570 4506 708 4563 dicit
747 4506 902 4579 (Ach.
935 4512 1064 4576 5193
1109 4507 1238 4563 Pac.
1280 4510 1468 4578 1000),
1514 4510 2021 4564 commemorantur
2056 4510 2349 4579 χλανίσκια
2387 4507 2479 4564 vel
2515 4513 2913 4581 χλανισκίδια.)
