3309 5167
1468 327 1897 391 „76-

513 493 580 554 et
615 489 692 553 de
727 488 1125 573 Vespasiano
1165 487 1553 573 imperatore
1589 490 1939 551 narrantur
1982 486 2032 571 I,
2070 488 2129 571 2,
2168 488 2299 571 21),
2346 490 2539 572 atque
2577 486 2747 553 idem
2782 489 2859 553 fit

512 596 581 661 in
608 595 894 662 Musonii
931 597 1008 660 de
1046 595 1188 679 ipso
1227 594 1422 660 exilio
1456 593 1918 659 commentario
1956 618 2015 677 p.
2048 596 2152 679 74,
2180 595 2294 659 27:
2329 590 2439 658 καὶ
2476 595 2603 680 γὰρ
2642 597 2703 659 εἰ
2738 595 2859 679 τὴν

511 705 797 791 πατρίδα
842 727 944 780 τις
977 702 1146 787 ἡμᾶς
1183 700 1538 788 ἀφῄρηται,
1581 704 1659 768 τό
1696 724 1770 785 γε
1808 702 2143 766 δύνασθαι
2191 698 2422 787 φέρειν
2468 702 2693 786 φυγὴν
2740 702 2861 768 οὐκ

512 809 847 898 ἀφῄρηται
895 808 1144 897 (eadem
1179 810 1390 877 forma
1434 809 1511 873 de
1549 808 1719 873 fame
1760 808 1999 893 sitique
2042 807 2251 892 Epict.
2292 806 2443 873 diss
2481 808 2597 895 111,
2638 812 2738 895 10,
2778 811 2863 895 8),

513 917 684 1001 apud
731 939 923 1003 quem
969 916 1236 981 eandem
1273 915 1662 981 sententiam
1697 915 1768 981 in
1811 915 2183 980 universum
2219 914 2458 980 dictam
2496 938 2529 981 e
2570 914 2862 1001 Stilpone

513 1025 960 1109 depromptam
1005 1046 1203 1108 supra
1248 1023 1685 1108 cognovimus.

693 1129 968 1195 Senecae
1024 1153 1225 1195 unum
1277 1131 1492 1195 locum
1536 1130 1667 1195 iam
1722 1129 2087 1215 attulimus,
2144 1127 2248 1195 cui
2294 1128 2409 1193 illa
2452 1129 2679 1195 induta
2723 1136 2862 1196 erat

512 1238 750 1323 forma3
807 1237 918 1303 alii
975 1242 1127 1303 sunt
1178 1238 1444 1303 liberius
1494 1237 1897 1304 conformati.
1988 1236 2189 1303 Velut
2237 1236 2688 1322 complectitur
2734 1238 2860 1303 duo

514 1345 628 1410 illa
673 1348 1056 1431 argumenta
1100 1367 1139 1408 a
1174 1343 1466 1410 Varrone
1513 1348 1579 1409 et
1615 1344 1821 1409 Bruto
1870 1347 2097 1409 contra
2142 1342 2320 1408 exilii
2365 1326 2609 1408 malum
2646 1345 2861 1433 allata,

515 1453 658 1518 dico
704 1456 974 1517 naturae
1021 1456 1086 1516 et
1140 1451 1432 1537 virtutis,
1484 1450 1586 1516 his
1633 1450 1849 1516 verbis
1897 1448 1977 1539 (c.
2026 1452 2083 1537 8,
2122 1448 2218 1538 3):
2273 1451 2359 1517 Id
2400 1458 2607 1517 aetum
2650 1458 2740 1518 est
2780 1455 2858 1518 ab

514 1561 622 1627 illo
667 1561 946 1643 quisquis
987 1560 1292 1641 formator
1335 1560 1609 1625 universi
1649 1560 1781 1641 fuit
1827 1608 1841 1623 .
1870 1609 1914 1643 .,
1960 1564 2032 1624 ut
2082 1559 2153 1623 iu
2206 1558 2479 1623 alienum
2524 1558 2858 1626 arbitrium

513 1671 642 1735 nisi
703 1669 1009 1735 vilissima
1063 1688 1332 1750 quaeque
1385 1688 1511 1733 nou
1555 1669 1849 1733 caderent.
1940 1666 2241 1749 quidquid
2282 1668 2579 1748 optimum
2622 1668 2860 1733 homiui

515 1782 619 1860 est,
665 1778 734 1841 id
767 1780 942 1841 extra
977 1775 1319 1839 humanam
1354 1776 1699 1857 potentiam
1736 1775 1905 1851 iacet,
1951 1794 2058 1837 uec
2102 1773 2246 1837 dari
2289 1772 2397 1837 uec
2439 1774 2599 1856 eripi
2636 1778 2859 1857 potest;

516 1883 694 1949 velut
748 1904 844 1967 ep.
894 1882 996 1965 66,
1043 1883 1124 1947 21
1195 1881 1488 1966 exemplo
1553 1885 1652 1945 est
1713 1882 1813 1945 vir
1865 1881 2058 1945 bonus
2108 1900 2355 1962 pauper
2412 1886 2526 1944 aut
2586 1883 2727 1947 exul
2788 1904 2862 1947 ac

509 1990 784 2073 pallidus
799 1986 849 2076 1)
879 1986 1019 2073 (ubi
1048 1988 1323 2053 fortasse
1352 1988 1725 2072 notandum,
1755 2010 1949 2073 quam
1977 1990 2271 2051 accurate
2300 1985 2403 2050 his
2434 1989 2863 2073 respondeant

515 2098 721 2162 verba
767 2117 863 2161 res
916 2095 1168 2161 honesta
1211 2097 1318 2161 sed
1365 2097 1574 2161 tristis·
1611 2101 1791 2178 atque
1834 2092 2097 2181 aspera).
2188 2093 2501 2159 Eiusdem
2546 2095 2861 2179 epistulae

516 2208 554 2285 ξ
585 2206 625 2269 3
671 2204 954 2269 virtutem
991 2204 1161 2267 omui
1207 2202 1329 2268 loco
1365 2204 1540 2268 nasci
1587 2202 1668 2266 ab
1707 2201 1849 2286 ipsa
1884 2204 2119 2265 natura
2156 2223 2231 2266 eo
2270 2199 2621 2286 significari
2657 2207 2865 2289 putat,

518 2309 690 2394 quod
727 2314 924 2393 potest
965 2314 1022 2373 et
1064 2329 1140 2374 ecc
1183 2309 1444 2390 deformi
1487 2310 1825 2392 humilique
1868 2309 2221 2391 corpusculo
2260 2310 2570 2389 formosus
2614 2312 2865 2377 animus

513 2438 588 2483 ac
631 2437 892 2499 maynus
929 2414 1120 2499 exire,
1166 2419 1240 2493 ut
1286 2437 1380 2500 ep.
1425 2417 1526 2501 74,
1567 2418 1648 2481 28
1690 2414 1971 2500 exponit,
2018 2437 2270 2499 semper
2316 2432 2527 2501 aeque·
2562 2438 2864 2503 magnam

516 2546 656 2591 esse
715 2522 1050 2589 virtutem:
1115 2524 1291 2587 modo
1356 2524 1543 2588 latius
1597 2524 1795 2587 virtus
1845 2523 2136 2602 funditur
2172 2573 2187 2586 .
2227 2573 2267 2606 .,
2324 2526 2499 2589 modo
2522 2532 2530 2539 ’
2552 2530 2688 2589 arto
2740 2527 2866 2608 fine

514 2631 894 2696 concluditur
930 2630 1318 2711 paupertatis
1361 2630 1536 2695 emilii
1567 2630 1877 2694 orbitatis:
1923 2650 2049 2693 nou
2090 2633 2293 2695 tamen
2330 2631 2536 2694 minor
2572 2635 2671 2715 est,
2708 2632 2765 2696 si
2802 2683 2815 2695 .
2848 2684 2859 2696 .

512 2759 587 2803 ex
620 2737 867 2820 publico
915 2742 972 2801 et
1012 2738 1280 2820 spatioso
1324 2737 1460 2801 iure
1503 2738 1576 2801 iu
1619 2737 1943 2819 auyustias
1978 2738 2194 2802 domus
2238 2737 2329 2802 vel
2374 2738 2591 2820 anyuli
2634 2740 2754 2803 coit
2798 2743 2864 2804 et

515 2868 611 2929 ep.
657 2845 760 2930 92,
804 2844 883 2909 18
931 2842 1356 2909 similitudine
1403 2842 1558 2909 solis
1605 2844 1765 2908 haec
1810 2842 2123 2909 illustrat:
2170 2842 2280 2909 hoc
2324 2844 2529 2927 itaque
2572 2846 2865 2912 adversus

513 2953 804 3017 virtutem
835 2956 1100 3034 possunt
1141 2951 1522 3015 calamitates
1566 2956 1623 3015 et
1658 2952 1893 3016 damna
1937 2954 1996 3015 et
2035 2951 2324 3033 iniuriae,
2370 2953 2534 3033 quod
2573 2953 2863 3019 adversus

511 3059 698 3124 solem
741 3063 941 3140 potest
989 3057 1227 3123 nebula.
1321 3054 1565 3123 Contra
1619 3057 1791 3142 quod
1848 3078 1941 3141 ep.
1991 3057 2103 3141 51,
2142 3058 2183 3121 2
2240 3056 2423 3142 dicit,
2478 3057 2732 3143 sapiens
2786 3063 2857 3125 ut

515 3165 794 3229 colorem
840 3162 1122 3249 aliquem
1179 3162 1374 3231 vestis
1423 3161 1649 3249 evitet,
1706 3167 2015 3248 tanquam
2068 3161 2283 3227 minus
2332 3168 2557 3248 aptum
2597 3166 2856 3248 fruyali-

517 3277 701 3337 tatem
715 3272 1011 3356 professe,
1039 3282 1129 3336 sic
1154 3272 1320 3354 reqio
1347 3292 1579 3354 quoque
1604 3275 1709 3355 est,
1744 3292 1933 3353 quam
1960 3272 2208 3352 sapiens
2242 3271 2341 3335 vir
2376 3276 2489 3335 aut
2520 3272 2605 3336 ad
2626 3274 2863 3354 sapien-

516 3380 667 3443 tiam
697 3380 941 3443 temleus
967 3379 1221 3445 declinet
1247 3382 1562 3460 tamquam
1597 3378 1885 3443 alienam·
1908 3378 2080 3443 bonis
2114 3377 2403 3462 moribus,
2438 3375 2505 3441 id
2542 3377 2623 3442 ad
2649 3378 2864 3464 ipsum

513 3485 686 3550 hunc
729 3485 945 3549 locum
989 3484 1235 3551 factum
1281 3507 1420 3550 esse
1456 3484 1729 3570 videtur,
1774 3507 1909 3551 non
1952 3482 2213 3549 omnino
2259 3483 2330 3547 in
2366 3483 2726 3557 doctrinam
2770 3508 2865 3551 re-

516 3596 790 3677 ceptum.

691 3699 832 3763 Iam
859 3720 1012 3765 vero
1041 3697 1172 3764 illis
1202 3697 1362 3763 locis
1393 3722 1556 3785 quae
1585 3704 1739 3765 sunt
1767 3700 1845 3763 de
1872 3697 2244 3783 accipiendo
2273 3697 2464 3763 exilio
2494 3699 2862 3765 adiciendus

659 3931 712 3998 1)
752 3928 832 3983 cf.
861 3926 1009 3983 Plut.
1037 3944 1212 3998 quom.
1241 3931 1364 3999 quis
1397 3946 1440 3984 ε.
1470 3929 1534 3983 im.
1569 3930 1695 3984 virt.
1729 3935 1862 3985 seut.
1884 3929 2033 3999 prof.
2062 3945 2109 3985 c.
2137 3934 2205 3982 15
2241 3948 2295 3999 p.
2327 3936 2398 3984 84
2416 3929 2459 3985 F
2498 3926 2670 3991 οὕτως
2704 3928 2864 4002 ἡμεῖς

514 4015 652 4088 μήτε
691 4016 878 4087 φυγὴν
908 4013 1238 4087 Ἀριστείδου
1285 4016 1428 4088 μήθ’
1478 4014 1758 4089 εἱργμὸν
1797 4015 2246 4089 Ἀναξαγόρου
2294 4017 2429 4089 μήτε
2475 4020 2679 4072 πενίαν
2720 4021 2864 4071 Σω-

515 4106 806 4177 κράτους
843 4104 876 4175 ἢ
908 4107 1220 4175 καταδίκην
1261 4104 1554 4169 Φωκίωνος
1589 4108 2103 4177 ὑποδαιμαίνομεν,
2152 4106 2293 4161 ἀλλὰ
2330 4106 2426 4161 καὶ
2471 4106 2609 4177 μετὰ
2652 4106 2862 4161 τούτων

515 4192 844 4265 ἀξιέραστον
893 4195 1194 4265 ἡγούμενοι
1253 4195 1356 4265 τὴν
1407 4195 1612 4266 ἀρετὴν
1670 4195 1836 4268 ὁμόσε
1883 4204 2145 4266 χωρῶμεν
2192 4198 2333 4267 αὐτῇ
2382 4195 2445 4249 τὸ
2497 4197 2862 4266 Εὐριπίδειον

517 4278 613 4352 ἐφ’
657 4276 867 4358 ἑκάστῳ
907 4284 1312 4355 φθεγγόμενοι·
1355 4289 1468 4340 Φεῢ
1495 4291 1638 4340 τοῖσι
1671 4288 2015 4354 γενναίοισιν
2045 4286 2118 4349 ὡς
2144 4284 2299 4340 ἅπαν
2336 4284 2526 4340 καλόν.
2593 4286 2683 4357 (cf.
2713 4285 2860 4341 Plut.

514 4392 572 4427 π.
596 4392 726 4443 φυγ.
757 4390 802 4430 c.
828 4380 908 4429 17.
932 4406 998 4414 —
1029 4375 1298 4429 Senecam
1336 4374 1469 4431 dial.
1499 4374 1617 4444 ΧΠ,
1649 4380 1734 4443 13,
1766 4380 1796 4428 '7
1832 4393 1933 4446 pro
1963 4374 2229 4429 Aristidis
2266 4373 2490 4428 nomine
2522 4373 2862 4429 Phocionem

515 4460 756 4516 scribere
795 4462 1056 4517 debuisse
1091 4464 1208 4517 iam
1246 4463 1545 4520 adnotavit
1580 4464 1843 4534 Lipsius).
