3309 5167
1491 345 1748 419 —‘72
1845 392 1918 399 ,-

539 517 676 582 sine
715 540 859 581 aere
895 516 1062 581 nihil
1089 515 1424 601 frigidum:
1461 516 1555 581 ita
1588 515 1840 581 honesta
1879 520 1936 579 et
1962 516 2173 599 turpia
2210 515 2456 580 virtutis
2492 534 2565 579 ae
2600 510 2881 577 malitiae

536 627 788 691 societas
832 625 1034 707 efficit.
1049 622 1100 709 ¹)

714 728 1142 816 Temporibus
1188 729 1339 815 illis,
1373 724 1622 816 'quibus
1662 726 1865 795 Stoici
1911 729 2115 794 severi
2162 729 2500 813 florebant,
2545 726 2679 792 fere
2714 725 2881 791 nihil

541 838 786 924 deberi,
834 838 1008 923 quod
1051 838 1179 902 huc
1224 837 1626 901 referendum
1674 835 1788 922 sit,
1842 858 1975 901 non
2022 840 2121 901 est
2165 840 2240 900 ut
2286 833 2621 915 mireris.²)
2709 833 2879 900 Nam

538 946 608 1011 in
663 945 755 1011 eis
813 968 975 1031 quae
1037 945 1355 1010 docebant
1405 943 1613 1009 solam
1659 942 1977 1027 rationem
2024 944 2430 1029 spectabant,
2484 965 2617 1009 non
2661 942 2880 1027 vitam,

538 1053 634 1117 ita
687 1057 762 1118 ut
816 1052 984 1118 hanc
1037 1052 1388 1117 secundum
1442 1050 1626 1115 illam
1681 1050 2079 1115 conformare
2134 1073 2324 1115 nemo
2378 1053 2625 1135 posset:
2690 1049 2879 1114 modo

542 1158 812 1245 cogites,
871 1164 1187 1244 quantum
1241 1157 1412 1223 inter
1466 1180 1534 1222 se
1591 1157 1850 1222 differat
1904 1158 2075 1243 quod
2130 1157 2472 1242 docebant,
2528 1156 2884 1241 sapientem

539 1265 621 1331 ad
675 1288 813 1330 rem
869 1265 1200 1351 publicam
1246 1266 1545 1331 accedere
1591 1264 1851 1351 debere,
1908 1269 1972 1329 et
2020 1264 2192 1351 quod
2238 1288 2306 1329 re
2351 1286 2505 1329 vera
2550 1286 2770 1330 omnes
2816 1263 2885 1328 in

541 1372 749 1437 otium
799 1396 867 1439 se
913 1371 1295 1457 recipientes
1343 1373 1546 1437 vitam
1593 1373 1915 1457 degebant
1950 1410 2037 1419 —-—
2075 1394 2267 1457 quem
2314 1369 2677 1437 dissensum
2724 1371 2883 1435 satis

541 1479 819 1564 spinosis
875 1479 1276 1565 argumentis
1331 1479 1561 1544 tollere
1609 1479 1972 1544 studebant.
2066 1478 2255 1555 Quali
2300 1501 2334 1543 e
2381 1478 2561 1543 fonte
2605 1478 2881 1543 fortasse

536 1587 862 1651 fluxerunt
908 1609 1070 1672 quae
1117 1586 1186 1651 in
1225 1584 1366 1651 Sen„
1414 1586 1560 1651 dial.
1601 1608 1649 1651 c.
1693 1587 1751 1672 9,
1789 1588 1830 1652 3
1867 1586 2190 1672 leguntur,
2237 1584 2470 1671 quibus
2520 1584 2883 1670 exponitur,

537 1691 801 1757 exilium
862 1698 1206 1779 propterea
1267 1716 1400 1758 11011
1462 1694 1707 1758 malum
1772 1715 1938 1779 esse,
2006 1692 2159 1779 quia
2213 1692 2485 1758 virtutes
2540 1691 2883 1757 nobiscum

538 1801 873 1885 ducamus,
937 1800 1034 1865 ita
1087 1804 1161 1865 ut
1215 1799 1526 1885 impediat
1581 1801 1925 1886 quominus
1982 1799 2202 1865 miseri
2257 1799 2487 1864 fiamus
2542 1799 2610 1863 id
2664 1797 2883 1884 ipsum

541 1891 713 1991 quod
760 1906 1034 1972 virtutes
1073 1908 1446 1993 habeamus,
1490 1930 1624 1973 non
1670 1909 1843 1993 quod
1872 1906 2131 1972 'virtute
2168 1905 2493 1971 miseriam
2529 1905 2879 1971 vincamus.

715 2014 816 2079 Ea
879 2015 1139 2080 demum
1193 2019 1431 2100 aetate,
1497 2037 1626 2100 qua
1678 2013 2054 2099 philosophi
2116 2036 2339 2079 rursus
2412 2013 2623 2098 ipsam
2686 2012 2887 2078 vitam

540 2121 946 2208 spectabant,
993 2120 1062 2186 in
1106 2122 1316 2187 lucem
1363 2122 1642 2187 eduntur
1689 2144 1853 2207 quae
1900 2121 1979 2185 ad
2025 2125 2317 2187 nostram
2363 2143 2500 2184 rem
2544 2120 2887 2205 pertinent.

539 2227 936 2293 Musonius
1003 2227 1174 2293 enim
1239 2227 1394 2313 quid
1451 2229 1528 2293 de
1581 2228 1843 2293 homine
1900 2232 1965 2292 et
2028 2228 2219 2293 rebus
2276 2227 2557 2292 externis
2616 2226 2890 2291 senserit

541 2334 841 2431 cognosci
868 2340 1085 2419 potest
1114 2357 1191 2400 ex
1219 2335 1443 2421 ecloga
1477 2335 1593 2400 illa
1619 2334 1771 2421 περὶ
1798 2335 2131 2419 ἀσκήσεως
2166 2334 2480 2420 inscripta
2514 2332 2719 2415 (Stob.
2750 2334 2887 2398 flor.

540 2442 643 2526 29,
678 2443 784 2521 78)
820 2442 935 2506 ubi
970 2442 1157 2507 docet
1193 2442 1284 2522 (Π
1319 2465 1380 2526 p.
1416 2444 1513 2525 14,
1545 2443 1628 2507 28
1668 2442 1913 2523 Mein.):
1954 2444 2065 2509 διὰ
2104 2439 2177 2507 δὲ
2215 2451 2331 2526 τῆς
2364 2450 2581 2527 ψυχῆς
2617 2443 2891 2524 ἄσκησίς

540 2548 678 2615 ε’στι
722 2559 987 2636 πρῶτον
1030 2545 1154 2633 μὲν
1207 2549 1325 2626 τὰς
1378 2547 1747 2627 ἀποδείξεις
1797 2552 2193 2636 προχείρους
2237 2555 2609 2632 ποιεῖσθαι,
2659 2546 2777 2625 τοὶς
2820 2572 2891 2613 τε

540 2655 691 2743 περὶ
736 2667 871 2722 τῶν
916 2654 1195 2739 ἀγαθῶν
1240 2665 1375 2721 τῶν
1421 2657 1803 2722 δοκούντων
1849 2656 1939 2734 ὡς
1984 2657 2107 2723 οὐκ
2152 2656 2375 2740 ἀγαθὰ
2420 2654 2530 2721 καὶ
2576 2655 2693 2733 τὰς
2735 2652 2889 2740 περὶ

540 2775 675 2831 τῶν
719 2774 940 2829 κακῶν
984 2773 1120 2828 τῶν
1171 2764 1553 2829 δοκούντων
1598 2763 1690 2841 ὣς
1735 2762 1816 2828 οὐ
1859 2764 2025 2829 κακὰ
2070 2761 2180 2830 καὶ
2225 2764 2305 2829 τὰ
2351 2763 2621 2847 ἀληθῶς
2666 2762 2891 2846 ἀγαθὰ

540 2874 886 2958 γνωρίζειν
921 2893 994 2935 τε
1028 2867 1139 2936 καὶ
1169 2871 1538 2957 διακρίνειν
1575 2870 1703 2937 ἀπὸ
1742 2881 1877 2936 τῶν
1912 2870 2001 2955 μὴ
2039 2870 2310 2953 ἀληθῶς
2348 2868 2710 2953 ἐθίζεσθαι,
2748 2873 2889 2935 tum

540 2978 699 3043 haec
743 2974 1023 3061 assequi,
1068 2998 1215 3040 vere
1264 2975 1436 3041 mala
1472 2975 1732 3059 evitare,
1778 2998 1909 3040 non
1962 2975 2077 3039 illa
2124 2998 2287 3060 quae
2333 2976 2675 3043 videantur
2720 2976 2889 3041 bona

543 3089 609 3149 et
653 3084 824 3149 mala
869 3087 1172 3168 appetere
1221 3086 1286 3147 et
1331 3081 1554 3167 fugere
1599 3079 1707 3169 (cf.
1754 3081 2013 3158 Maxim.
2061 3082 2209 3166 Tyr.
2247 3082 2331 3168 H,
2367 3080 2457 3170 2).
2540 3081 2884 3168 Epicteti

542 3191 818 3276 denique
866 3188 1279 3273 sententiam,
1335 3188 1504 3253 unde
1550 3188 1683 3253 fere
1736 3188 1945 3253 omnis
1992 3188 2131 3254 eius
2177 3189 2415 3274 pendet
2460 3188 2889 3275 philosophia,

540 3296 815 3381 legimus
880 3294 952 3359 in
1022 3317 1188 3360 man.
1237 3316 1286 3359 c.
1339 3297 1409 3360 l:
1478 3305 1614 3360 τῶν
1678 3298 1892 3361 ὄντων
1954 3297 2035 3360 τὰ
2098 3293 2222 3380 μέν
2286 3294 2467 3361 ἐστιν
2531 3294 2638 3382 ἐφ’
2711 3296 2892 3381 ἡμῖν,

542 3404 622 3467 τὰ
677 3400 752 3467 δὲ
802 3399 924 3467 οὐκ
980 3399 1085 3487 ἐφ’
1144 3400 1330 3486 ἡμῖν·
1388 3400 1505 3486 ἐφ’
1559 3400 1720 3486 ἡμῖν
1775 3398 1898 3487 μὲν
1960 3402 2292 3486 ὑπόληψις
2347 3402 2514 3490 ὁρμὴ
2581 3405 2892 3481 ἔκκλισις·

543 3505 653 3575 καὶ
707 3506 806 3573 ἑνὶ
860 3511 1066 3598 λόγῳ,
1123 3510 1245 3575 ὅσα
1297 3507 1578 3594 ἡμέτερα
1636 3512 1813 3596 ἔργα.
1904 3506 2025 3575 οτῖκ
2084 3505 2187 3593 ἐφ’
2238 3508 2400 3593 ἡμῖν
2456 3506 2531 3576 δὲ
2582 3512 2659 3577 τὸ
2706 3520 2895 3594 σῶμα

542 3625 770 3700 κτῆσις
816 3614 1000 3694 δόξαι
1047 3614 1250 3700 ἀρχαί
1255 3636 1270 3650 ·
1315 3613 1426 3680 καὶ
1473 3613 1574 3682 ἑνὶ
1619 3618 1816 3705 λόγῳ,
1864 3617 1986 3681 ὅσα
2023 3613 2143 3701 οὐχ
2182 3614 2462 3704 ἡμέτερα
2501 3619 2681 3705 ἔργα,
2727 3640 2893 3703 quae

691 3865 743 3933 1)
782 3860 977 3930 Neque
1007 3878 1074 3915 ea
1093 3878 1239 3930 quae
1269 3865 1575 3931 sequuntur
1599 3866 1775 3935 (Quid
1792 3881 1915 3936 erqo
1934 3871 2011 3919 est
2030 3863 2301 3919 bonum?
2337 3882 2557 3921 rerum
2581 3865 2891 3920 seientia.

542 3955 678 4025 quid
703 3952 942 4007 malum
969 3950 1082 4006 est?
1107 3968 1326 4008 rerum
1353 3954 1701 4022 imperitia
1730 3953 1824 4025 [cf.
1844 3954 2140 4023 ἀπειρία
2167 3954 2580 4025 πραγμάτων
2608 3972 2666 4007 π.
2690 3954 2890 4022 εὐθνμ.

544 4060 589 4097 e.
628 4042 703 4113 3].
778 4041 887 4096 Ille
924 4041 1171 4109 prudens
1205 4049 1365 4112 atque
1409 4043 1616 4110 artifex
1644 4060 1768 4113 pro
1812 4049 2096 4113 tempore
2133 4060 2425 4115 quaeque
2460 4045 2741 4114 repellet
2776 4050 2894 4099 aut

542 4132 632 4185 eli
640 4136 756 4200 yet.
811 4130 906 4183 sed
929 4145 1028 4183 ‘nee
1055 4147 1191 4199 quae
1222 4132 1432 4200 repellit
1459 4132 1622 4199 timet,
1653 4149 1753 4187 nee
1778 4134 2016 4188 miratwr
2043 4152 2180 4204 quae
2207 4135 2373 4205 elifit,
2402 4135 2453 4188 si
2478 4134 2634 4188 modo
2661 4150 2893 4203 maynus

543 4220 595 4274 ei
639 4226 690 4274 et
731 4219 970 4274 mvietus
1012 4220 1233 4274 animus
1277 4223 1375 4290 est)
1431 4219 1568 4289 quin
1613 4220 1887 4275 Aristonis
1936 4221 2051 4276 sint
2096 4221 2411 4291 dubitabis,
2470 4222 2519 4276 si
2572 4221 2892 4276 memineris

546 4308 666 4363 eius
691 4307 920 4362 virtutis
957 4308 1299 4363 definitionis
1329 4326 1500 4377 quam
1529 4308 1775 4364 Galenus
1804 4310 2050 4365 servavit
2088 4306 2490 4381 (ἐπιστήμην
2527 4312 2766 4381 ἀγαθῶν
2794 4310 2892 4365 καὶ

545 4400 775 4467 κακῶν),
813 4396 902 4453 cll.
942 4396 1022 4450 eis
1060 4413 1205 4466 quae
1240 4395 1389 4451 infra
1426 4395 1813 4468 disputaturus
1852 4417 1991 4456 sum.

689 4487 742 4555 2)
781 4485 958 4539 Zeller
991 4485 1083 4554 ΙΙΙ,
1126 4492 1151 4538 1
1192 4504 1245 4555 p.
1285 4490 1406 4541 297.
