3309 5167
1403 408 1833 474 —57„-

453 571 608 656 quid
651 572 914 636 tandem
948 569 1125 655 passi
1161 568 1364 635 simus
1403 566 1538 658 (1)
1555 568 1602 650 ¹)
1677 566 1992 634 Omnibus
2038 566 2210 632 enim
2254 566 2324 632 in
2360 570 2791 653 συμπτώμασι

450 679 518 743 111
563 702 887 744 summum
931 699 1097 763 esse,
1154 676 1530 763 quomodo
1587 700 1673 741 ea
1718 674 2181 760 accipiamus
2229 671 2376 762 (2),
2432 674 2527 740 ita
2570 680 2645 741 ut
2688 676 2794 742 vel

451 786 522 850 in
574 786 744 852 veris
801 784 1278 850 calamitatibus
1341 807 1474 850 non
1539 783 1765 849 statim
1828 783 2035 848 omnis
2092 805 2236 866 spes
2292 782 2627 848 abicienda
2680 782 2792 848 sit:

452 892 652 957 immo
688 892 758 957 in
795 890 1107 975 optimam
1133 895 1388 975 partem
1427 912 1534 955 eas
1563 890 1966 976 accipiendas
1994 912 2135 954 esse
2164 886 2251 976 (3.
2280 886 2400 977 4.);
2436 888 2548 954 ubi
2577 893 2794 955 autem

452 998 522 1063 in
576 998 820 1063 malum
881 1021 1000 1063 nos
1065 997 1368 1064 incidisse
1421 1001 1680 1063 tantum
1732 996 1923 1062 nobis
1978 997 2297 1082 fingamus
2305 1048 2324 1081 ,
2388 997 2619 1061 debere
2673 1020 2793 1061 nos

453 1106 665 1183 οὕτως
729 1104 926 1188 ἐγγὺς
988 1102 1397 1190 ἁπτομένους
1448 1103 1558 1170 καὶ
1614 1105 2123 1191 συνερείδοντας
2172 1106 2291 1170 τὸν
2345 1106 2664 1189 λογισμὸν
2718 1104 2793 1169 τὸ

455 1214 716 1299 σαθρὸν
767 1210 878 1278 καὶ
939 1214 1014 1279 τὸ
1078 1214 1280 1279 κενὸν
1337 1210 1447 1279 καὶ
1510 1209 2097 1301 τετραγῳδημένον
2150 1210 2666 1293 ἀποκαλύπτειν,
2730 1209 2796 1275 111

456 1319 630 1406 quod
665 1320 746 1385 ad
781 1319 988 1404 ipsam
1028 1342 1222 1405 quam
1247 1319 1636 1385 Plutarchus
1670 1322 2069 1384 tractaturus
2098 1322 2198 1383 est
2224 1341 2361 1382 rem
2387 1316 2491 1381 his
2520 1315 2799 1381 refertur

453 1427 696 1492 verbis:
733 1418 879 1493 οἷόν
917 1426 1097 1492 ἐστιν
1132 1427 1173 1511 ἡ
1211 1436 1340 1493 νῦν
1379 1444 1484 1493 σοι
1520 1436 1825 1513 παροῦσα
1862 1426 2251 1512 μετάστασις
2287 1423 2358 1490 ἐκ
2393 1434 2511 1508 τῆς
2545 1427 2797 1510 νομιζο-

455 1531 657 1619 μένης
707 1536 1052 1621 πατρίδος·
1100 1534 1298 1618 φύσει
1345 1535 1469 1621 γὰρ
1517 1533 1638 1599 οὐκ
1686 1536 1824 1600 ἔστι
1869 1531 2104 1620 πατρὶς
2154 1534 2373 1618 ὥσπερ
2420 1529 2563 1597 οὐδ’
2619 1526 2801 1608 οἶκος

459 1638 604 1707 οὐδ’
651 1641 852 1729 ἀγρὸς
897 1638 1055 1707 οὐδὲ
1100 1646 1436 1727 χαλκεῖον,
1491 1641 1582 1719 ὡς
1620 1638 1937 1726 Ἀρίστων
1984 1642 2238 1723 ἔλεγεν,
2284 1636 2427 1704 οὐδ’
2486 1641 2799 1725 ἰατρεῖον,

457 1748 623 1815 ἀλλὰ
650 1751 968 1833 γίγνεται,
994 1754 1248 1834 μᾶλλον
1276 1746 1338 1813 δ’
1373 1749 1757 1834 ὀνομάζεται
1784 1746 1894 1813 καὶ
1920 1753 2215 1814 καλεῖται
2240 1746 2496 1812 τούτων
2524 1744 2800 1811 ἕκαστον

456 1852 558 1920 ἀεὶ
601 1857 770 1942 πρὸς
813 1857 932 1921 τὸν
977 1858 1291 1922 οἰκοῦντα
1333 1853 1445 1921 καὶ
1489 1856 1832 1943 χρώμενον
1878 1851 2019 1943 (5..)

633 1961 944 2028 Videmus
999 1963 1204 2049 igitur
1255 1963 1416 2029 haec
1470 1962 1691 2029 deberi
1735 1961 1875 2028 viro
1930 1961 2191 2048 ingenio
2245 1962 2432 2027 firmo
2488 1958 2801 2045 praedite,

457 2068 570 2153 qui
616 2068 1077 2155 cogitationem
1123 2093 1307 2136 suam
1353 2070 1434 2135 ad
1465 2068 1651 2135 vitae
1707 2092 1897 2135 usum
1952 2068 2265 2153 conferat,
2321 2072 2395 2133 ut
2447 2091 2549 2133 res
2605 2090 2801 2153 quan-

455 2180 597 2240 tum
651 2176 794 2242 fieri
845 2178 1056 2262 possit
1108 2177 1179 2243 in
1234 2176 1546 2262 optimam
1589 2181 1845 2262 partem
1898 2175 2197 2261 accipiat3
2254 2175 2368 2261 qui
2420 2174 2658 2262 ubique
2708 2174 2801 2239 in-

456 2282 742 2349 dustriae
788 2308 941 2349 suae
981 2308 1278 2370 campum
1316 2287 1601 2370 quaerat,
1645 2307 1781 2350 non
1816 2289 1889 2349 ut
1928 2287 2267 2349 externum
2312 2281 2438 2348 sibi
2474 2286 2803 2368 comparet

458 2391 700 2456 bonum
746 2391 1034 2477 aliquod,
1081 2392 1194 2458 sed
1231 2391 1385 2477 quia
1420 2392 1502 2457 ad
1537 2391 1756 2457 officia
1789 2391 2178 2477 praestanda
2220 2395 2530 2476 tanquam
2573 2394 2801 2455 natum

456 2521 595 2564 esse
632 2499 962 2565 hominem
998 2503 1200 2586 putet.
1266 2498 1550 2565 Ubinam
1578 2522 1731 2565 vero
1769 2498 1838 2563 in
1873 2499 1997 2564 1100
2035 2499 2111 2563 110
2150 2497 2345 2564 exilio
2382 2497 2605 2564 libello
2644 2497 2803 2564 talia

458 2605 770 2672 redeunt?

636 2712 970 2780 Sententia
1007 2737 1170 2800 quae
1209 2737 1358 2799 cap.
1384 2717 1420 2779 7
1460 2718 1781 2780 tractatur
1817 2712 1921 2779 his
1962 2713 2551 2799 comprehenditur:
2592 2716 2803 2798 μόνον

462 2822 636 2904 ἔχειν
689 2822 797 2886 δεῖ
853 2823 1021 2908 πρὸς
1082 2823 1342 2899 τούτοις
1397 2819 1723 2908 (μετρίοις
1784 2822 1951 2908 πρὸς
2008 2823 2127 2887 τὸν
2180 2823 2333 2905 βίον
2386 2818 2549 2904 8011.)
2606 2828 2833 2887 νοῦν.

457 2924 586 2991 καὶ
651 2930 1033 3013 λογισμὸν
1099 2928 1316 3014 ὥσπερ
1381 2927 1679 3012 ἀγκύραν
1740 2926 1851 3021 καὶ
1917 2929 2358 3015 κυβερνήτην,
2431 2927 2543 2991 ἵνα
2605 2923 2804 2991 παντὶ

459 3039 754 3119 χρῆσθαι
807 3032 1026 3119 λιμένι
1079 3033 1602 3123 προσορμισθεὶς
1657 3035 1963 3121 δύνηται;
2020 3057 2169 3120 cap.
2218 3036 2257 3101 8
2313 3034 2598 3119 praefixa
2651 3036 2805 3097 sunt

459 3140 644 3205 haec:
701 3139 786 3206 ἂν
839 3142 965 3228 γὰρ
1022 3151 1269 3228 σκοπῇς
1321 3144 1513 3208 ἄνευ
1565 3150 1801 3226 κενῆς
1860 3139 2094 3224 δόξης
2145 3140 2269 3224 τὴν
2323 3140 2648 3225 ἀλήθειαν
2693 3136 2801 3226 (cf.

459 3269 592 3331 cap.
641 3246 684 3312 5
741 3244 814 3312 ἐκ
866 3256 1062 3332 κενῆς
1125 3245 1349 3336 δόξης)
1404 3252 1469 3314 et
1535 3270 1787 3313 summa
1850 3252 1950 3313 est
2012 3247 2153 3312 illa:
2219 3244 2374 3313 ἑλοῦ
2432 3249 2631 3313 πόλιν
2683 3245 2805 3329 τὴν

459 3351 790 3439 ἀρίστην
841 3352 971 3419 καὶ
1025 3354 1387 3440 ἡδίστην,
1440 3356 1727 3442 πατρίδα
1782 3352 1843 3420 δ’
1896 3354 2104 3438 αὐτὴν
2160 3354 2196 3421 ὁ
2241 3354 2805 3441 χρόνοςποιήσει.

463 3458 647 3536 Quod
707 3464 925 3526 autem
988 3461 1178 3528 initio
1245 3484 1468 3528 eorum
1533 3462 1850 3547 capitum,
1915 3484 2080 3548 quae
2146 3461 2399 3527 exulem
2462 3461 2532 3526 in
2593 3460 2807 3526 insula

462 3572 824 3633 versantem
868 3568 1242 3656 respiciunt,
1288 3571 1674 3636 adhortatur
1709 3569 2113 3655 Plutarchus,
2158 3574 2234 3635 ut
2278 3569 2569 3635 animum
2601 3568 2807 3635 inten-

464 3673 688 3738 damus
715 3674 785 3739 in
812 3677 1118 3762 corporis,
1155 3700 1289 3743 non
1315 3682 1526 3742 terrae
1551 3676 1957 3762 parvitatem,
1991 3680 2254 3743 revocat
2277 3680 2535 3742 tantum
2564 3680 2807 3741 certam

467 3802 604 3844 rem
641 3780 720 3845 ad
759 3803 901 3845 eam
937 3804 1132 3867 quam
1169 3806 1302 3869 cap.
1333 3785 1372 3849 3
1415 3785 1716 3870 exposuit
1752 3784 2085 3850 rationem.
2162 3784 2337 3861 Quae
2373 3784 2595 3848 eadem
2630 3783 2807 3849 varie

462 3891 785 3953 tractatur
828 3888 897 3953 in
942 3888 1032 3954 eis
1081 3912 1242 3974 quae
1289 3896 1667 3978 sequuntur,
1713 3892 1892 3957 velut
1928 3892 2102 3977 quod
2140 3914 2273 3975 cap.
2304 3893 2343 3955 9
2383 3890 2544 3955 1111111
2579 3893 2650 3955 τί
2681 3892 2806 3973 γὰρ

461 3994 503 4078 ἡ
556 3998 832 4062 πλατεία
892 3997 1074 4083 χώρα
1127 3999 1292 4083 πρὸς
1345 4000 1464 4065 τὸν
1517 4000 1778 4066 ἄλυπον
1832 4002 2011 4084 βίον;
2067 3997 2376 4082 exemplis
2432 3996 2808 4082 explicatur,

461 4107 577 4167 aut
640 4092 814 4188 quod
875 4102 1066 4169 initio
1131 4126 1264 4188 cap.
1308 4106 1383 4170 11
1441 4104 1684 4192 legitur
1747 4105 1915 4193 ἀνὴρ
1977 4101 2052 4171 δὲ
2106 4106 2193 4190 μὴ
2260 4102 2809 4189 τετυφωμένος

607 4280 661 4347 1)
699 4277 1293 4349 cf.Sen.ep.123,1.
1330 4298 1535 4338 mcum
1569 4284 1715 4338 enim
1751 4282 1815 4337 de
1849 4282 1947 4338 hoc
1983 4282 2101 4353 ipso
2128 4282 2333 4351 loquor,
2378 4298 2543 4350 quam
2568 4280 2711 4335 nihil
2736 4282 2811 4337 sit

465 4383 625 4448 yrave
662 4369 806 4437 quod
841 4368 1024 4424 leviter
1059 4370 1320 4439 excipias,
1358 4389 1522 4440 quam
1557 4370 1964 4442 indiqnandam
1998 4371 2167 4436 nihil,
2211 4371 2271 4424 si
2314 4368 2491 4424 nihil
2526 4388 2549 4423 ι
2552 4385 2669 4439 pse
2704 4370 2808 4425 in-

467 4455 806 4526 diy‘na‘ndo
859 4459 1206 4527 adstruas,
1261 4458 1362 4514 ubi
1405 4460 1581 4514 verba
1628 4461 1879 4514 extrema
1924 4476 2102 4529 paene
2158 4459 2235 4513 ad
2289 4457 2524 4513 verbum
2576 4458 2809 4514 reddere

469 4541 726 4599 videntur
759 4543 970 4600 illud
939 4566 1012 4601 αν
1047 4546 1123 4618 μὴ
1160 4555 1462 4620 προσποιῇ.
