3309 5167
1501 357 1883 420 *4.-

529 516 594 579 in
651 515 1023 580 universum
1080 516 1155 579 de
1210 515 1441 579 harum
1486 514 1728 579 Teletis
1749 560 1763 573 .
1784 515 2202 601 reliquiarum
2261 517 2631 582 condicione
2687 516 2867 600 dixit,

528 622 706 687 Diels
763 621 1063 711 (deutsche
1118 624 1382 706 lita-zm.
1433 623 1604 687 1890
1649 645 1709 685 n.
1760 620 1875 710 32)
1930 624 2169 688 maiore
2226 624 2613 688 confidentia
2668 624 2867 687 fuisse

527 730 782 794 videtur
828 751 974 793 cum
1013 728 1344 813 scripserit
1379 730 1562 793 haec:
1635 728 1751 813 „In
1790 730 1901 794 der
1937 730 2216 814 epitome
2255 732 2412 815 geht
2448 732 2603 796 alles
2644 731 2868 795 durch-
2906 810 2912 815 ¹

527 837 844 902 einander.
937 836 1095 900 Was
1155 836 1436 921 Stilpon,
1498 858 1629 900 was
1686 836 1872 901 Teles
1920 836 2192 922 spricht,
2249 838 2335 902 ist
2392 839 2589 903 ofters
2645 842 2868 902 unent-

527 944 800 1009 wirrbar
844 943 1548 1028 zusammengekntiult3
1597 965 1711 1007 aus
1759 944 1883 1007 den
1928 944 2423 1009 verschiedenen
2464 944 2745 1029 capiteln
2780 944 2866 1008 ist

526 1052 870 1135 passendes
908 1050 1040 1114 und
1076 1050 1259 1115 nicht
1286 1050 1632 1134 passendes
1664 1050 1960 1115 material
1989 1050 2462 1136 eingeschoben
2489 1048 2865 1137 worden.“¹)

526 1157 624 1221 Ac
670 1163 886 1223 tamen
931 1162 1110 1243 pute,
1157 1158 1395 1222 certius
1445 1158 1521 1221 de
1558 1158 1680 1221 hac
1718 1158 2094 1241 quaestione
2133 1158 2402 1222 iudicari
2437 1181 2645 1244 posse,
2693 1159 2869 1222 dum-

527 1265 719 1329 modo
764 1266 1022 1349 pem'tus
1069 1263 1139 1329 in
1185 1264 1496 1329 orationis
1546 1268 1920 1330 contextum
1958 1264 2374 1350 insinuemUS,
2420 1268 2613 1349 atque
2650 1288 2867 1330 veram

527 1376 743 1437 textus
790 1372 1066 1437 formam
1112 1366 1547 1437 restituamus.

703 1478 945 1563 Agitur
1003 1480 1174 1545 enim
1225 1480 1302 1543 de
1346 1503 1405 1564 p.
1461 1480 1558 1564 15,
1612 1481 1692 1545 16
1740 1479 1853 1543 ubi
1899 1478 2011 1543 alii
2060 1479 2235 1544 codd.
2286 1476 2466 1566 (SA)
2514 1497 2719 1564 φησιν
2765 1503 2867 1545 ex-

524 1584 777 1671 hibent,
823 1586 938 1651 alii
975 1585 1187 1675 (LM)
1225 1603 1447 1672 φασιν.
1462 1585 1514 1672 ²)
1569 1586 2036 1670 Wilamowitz,
2081 1586 2236 1671 quid
2275 1587 2351 1651 de
2388 1587 2513 1652 hoc
2547 1587 2689 1652 loco
2729 1610 2867 1652 sen-

525 1692 665 1777 tiat,
693 1715 825 1757 non
854 1694 1010 1759 dicit
1022 1692 1102 1781 3),
1129 1694 1348 1759 Hense
1378 1698 1586 1779 φασίν
1615 1694 1861 1778 scribit,
1892 1716 2037 1758 cum
2064 1698 2267 1778 putet,
2295 1692 2693 1779 „Stilponem
2722 1696 2867 1759 sub—

529 1800 740 1865 audiri
787 1806 1004 1867 vetare
1052 1802 1250 1867 verba
1292 1800 1641 1886 proxima‘4,
1688 1823 1850 1885 quae
1892 1800 2153 1886 quidem
2190 1801 2348 1885 quin
2384 1801 2623 1866 Teletis
2661 1802 2864 1885 ipsius

527 1908 658 1971 sint
705 1908 991 1973 dubitari
1035 1909 1261 1993 nequit
1313 1946 1387 1955 --
1440 1908 1733 1991 exempla
1778 1930 1939 1992 quae
1984 1908 2338 1973 afferuntur
2383 1908 2531 1973 inde
2578 1932 2615 1973 a
2651 1909 2863 1974 verbis

528 2019 822 2093 Λυκῖνος
895 2016 1144 2094 ἐκεῖνος
1211 2016 1452 2079 Teletis
1522 2038 1660 2079 esse
1734 2019 2100 2098 temporum
2171 2015 2421 2079 ratione
2497 2021 2867 2101 computata

527 2122 993 2188 demonstravit
1054 2122 1494 2187 Wilamowitz
1558 2120 1626 2209 (l.
1669 2144 1716 2186 c.
1756 2146 1814 2207 p.
1856 2120 2042 2207 306);
2108 2144 2183 2186 ea
2246 2127 2461 2187 autem
2531 2147 2693 2208 quae
2761 2123 2863 2187 his

526 2231 916 2295 antecedunt
962 2228 1050 2318 (p.
1088 2231 1185 2314 15,
1223 2226 1509 2316 17-19)
1546 2233 1686 2292 arte
1721 2229 2058 2293 cohaerere
2107 2252 2251 2294 cum
2299 2229 2716 2314 sequentibus
2762 2230 2865 2294 vel

526 2359 603 2399 ex
642 2358 716 2400 eo
756 2341 1039 2423 apparet,
1078 2336 1250 2421 quod
1289 2336 1509 2400 eadem
1544 2340 1926 2419 repetuntur
1962 2337 2188 2400 verba:
2240 2345 2613 2423 φρουροῦσι
2651 2336 2749 2420 15,
2783 2338 2862 2400 17

532 2480 604 2489 -
660 2442 973 2530 ἐφρούρει
1026 2444 1124 2528 15,
1159 2444 1266 2527 193
1314 2445 1480 2525 ἔθνη
1526 2444 1950 2508 πιστεύονται
2002 2442 2100 2527 15,
2137 2444 2215 2506 18
2270 2481 2344 2489 -
2394 2445 2867 2527 πιστευόμενος

524 2547 678 2635 παρ’
727 2548 1081 2639 Ἀντιγόνῳ
1124 2551 1223 2635 16,
1258 2551 1322 2633 13
1368 2548 1582 2613 verbis
1620 2546 1730 2613 καὶ
1770 2550 2021 2635 δωρεὰς
2058 2549 2343 2634 μεγάλας
2378 2548 2487 2614 καὶ
2527 2548 2866 2627 συντάξεις

670 2800 722 2867 1)
788 2796 1046 2851 Ceterum
1110 2811 1290 2864 neque
1345 2794 1405 2847 in
1462 2793 1695 2863 reliquis
1758 2794 2029 2849 iudicium
2093 2794 2202 2849 viri
2266 2795 2577 2850 doctissimi
2640 2815 2865 2866 prorsus

526 2886 793 2956 amplecti
828 2890 1072 2955 possum.
1132 2884 1484 2953 Quamquam
1521 2884 1671 2937 enim
1708 2886 1859 2938 recte
1895 2884 2038 2938 mihi
2066 2885 2336 2939 adnotare
2363 2886 2610 2942 videtur:
2651 2888 2759 2956 „Es
2789 2888 2866 2941 ist

525 2977 643 3030 also
680 2976 805 3030 klar
839 2976 954 3029 und
982 2974 1106 3028 eine
1135 2973 1481 3043 eingehende
1511 2973 1743 3042 analyse
1770 2973 1911 3027 wird
1941 2992 1999 3028 es
2030 2974 2328 3045 durchweg
2354 2976 2693 3046 bestatigen‚
2732 2978 2862 3030 dass

522 3065 625 3119 wir
677 3065 836 3119 nicht
881 3065 1069 3132 Teles‚
1126 3064 1365 3117 sondern
1418 3063 1524 3115 den
1572 3061 1911 3131 epitomator
1965 3064 2235 3117 zunachst
2290 3063 2744 3119 verantwortlich
2796 3081 2863 3117 zu

522 3155 758 3208 machen
795 3154 981 3207 haben
1017 3153 1106 3205 ffir
1144 3154 1252 3205 den
1283 3151 1639 3220 jammervoll
1678 3154 2018 3206 zern'itteten
2054 3154 2288 3206 zustand
2333 3154 2515 3208 dieser
2554 3155 2863 3222 excerpte“‚

523 3246 715 3297 tamen
768 3243 939 3313 paulo
994 3241 1187 3294 mitius
1245 3242 1314 3294 de
1361 3240 1556 3294 Telete
1601 3240 1881 3295 iudicasse
1927 3242 2069 3296 mihi
2115 3242 2340 3296 videtur
2379 3260 2504 3296 cum
2542 3242 2717 3296 dicat:
2766 3242 2864 3310 „In

524 3333 652 3385 dem
698 3331 1094 3401 originalwerk
1141 3331 1236 3384 des
1275 3330 1436 3383 Teles
1482 3347 1672 3384 waren
1717 3330 1967 3385 offenbar
2016 3331 2107 3385 die
2152 3332 2456 3385 benutzten
2503 3333 2735 3385 autoren
2781 3333 2863 3399 (es

525 3422 650 3475 sind
686 3420 1032 3474 namentlich
1067 3419 1210 3474 Bion
1246 3420 1361 3472 und
1398 3418 1640 3489 Stilpon)
1682 3422 1821 3474 stets
1869 3420 2117 3474 deutlich
2165 3420 2353 3473 citiert
2396 3421 2512 3474 und
2555 3419 2864 3490 sorgfaltig

522 3509 912 3579 geschieden.“
986 3508 1123 3563 Cum
1171 3507 1320 3561 enim
1363 3506 1511 3560 inter
1555 3507 1744 3577 ipsum
1782 3508 2187 3563 sententiarum
2222 3526 2426 3562 nexum
2462 3525 2607 3577 quae
2645 3526 2713 3563 ex
2750 3508 2862 3563 alio

521 3597 905 3668 fonte.petita
953 3596 1067 3651 sint
1111 3596 1404 3651 videamus
1449 3595 1663 3650 inserta
1702 3613 1849 3666 esse,
1897 3598 2055 3651 velut
2097 3616 2151 3667 p.
2194 3603 2284 3666 16,
2318 3603 2383 3650 13
2430 3598 2521 3667 (cf.
2551 3619 2605 3668 p.
2646 3600 2726 3669 7),
2768 3598 2864 3652 vix

521 3685 828 3741 verisimile
856 3703 977 3739 esse
1013 3685 1237 3739 videtur
1272 3684 1413 3739 haec
1451 3686 1523 3738 ab
1563 3685 1933 3755 epitomatore
1970 3687 2193 3739 demum
2221 3686 2368 3739 inter
2398 3704 2455 3740 se
2484 3704 2697 3741 conexa
2725 3705 2862 3755 esse,

523 3776 674 3845 apud
712 3774 963 3828 Teletem
998 3775 1166 3844 plane
1206 3775 1468 3842 separata
1506 3773 1786 3843 extitisse3
1831 3791 2013 3843 neque
2052 3774 2200 3829 enim
2239 3774 2383 3829 solet
2420 3776 2756 3846 epitomator
2794 3778 2862 3830 de

521 3864 802 3919 industria
838 3863 1239 3918 sententiarum
1282 3862 1533 3916 ordinem
1569 3862 1891 3931 immutare,
1932 3864 2031 3917 sed
2070 3864 2377 3919 sententias
2418 3866 2759 3933 contrahere,
2799 3867 2863 3917 ut

522 3972 566 4009 e.
606 3974 660 4024 g.
702 3954 761 4006 in
797 3952 1003 4007 nostris
1039 3972 1095 4023 p.
1134 3957 1218 4020 12,
1250 3958 1297 4006 4.
1331 3956 1378 4005 7.
1417 3951 1507 4022 (cf.
1546 3970 1599 4021 p.
1639 3955 1744 4021 17).

663 4045 719 4114 2)
757 4042 836 4097 Cf.
875 4062 928 4113 p.
969 4048 1028 4111 3,
1062 4048 1126 4095 13
1165 4041 1264 4095 ubi
1301 4040 1376 4095 M
1408 4040 1562 4109 φησὶ,
1601 4040 1657 4094 Α
1695 4040 1849 4109 φασὶ.

663 4135 719 4201 3)
756 4131 815 4186 Ρ.
847 4137 950 4185 306
990 4131 1129 4200 „wie
1164 4130 1288 4184 hier
1323 4129 1402 4183 ist
1439 4132 1584 4198 φησί
1615 4130 1766 4183 dann
1793 4130 1938 4184 noch
1965 4130 2160 4185 weiter
2196 4135 2413 4203 gesetzt
2449 4132 2563 4185 und
2592 4148 2738 4185 zwar
2762 4146 2858 4201 ge-

518 4222 654 4275 rade
675 4226 795 4289 66,3
815 4218 1024 4274 unweit
1044 4219 1143 4273 des
1161 4217 1542 4288 phrurarchen
1562 4216 1825 4285 LykinOS.
1875 4218 1993 4272 Gilt
2012 4222 2157 4274 etwa
2178 4220 2269 4273 die
2288 4220 2620 4274 historische
2641 4220 2859 4290 anspie-

518 4309 656 4379 lung
693 4310 809 4362 und
847 4310 947 4363 das
975 4308 1125 4362 local
1151 4308 1384 4376 Megara
1413 4306 1510 4359 der
1535 4306 1924 4375 megarischen
1952 4310 2137 4377 quelle
2167 4310 2264 4363 des
2292 4308 2523 4361 Teles‘?“
2562 4325 2706 4376 quae
2736 4327 2860 4363 cum

517 4400 688 4467 neget
734 4397 793 4451 in
840 4398 1204 4466 sequentibus
1247 4396 1417 4466 plane
1462 4393 1677 4447 nescire
1722 4412 1811 4449 me
1852 4397 2035 4451 fateor
2071 4396 2207 4466 quid
2244 4397 2473 4451 tandem
2511 4400 2738 4452 censeat
2773 4398 2860 4451 vir

519 4487 731 4541 doctus,
