3309 5167
445 557 616 621 hunc
661 555 861 621 fuisse
909 560 1202 640 apparet:
1250 554 1430 641 atqui
1476 555 1626 621 talis
1673 556 1918 621 formae
1963 556 2261 642 propriae
2308 558 2605 625 inventor
2646 560 2779 625 fere

446 686 698 749 semper
743 662 939 727 simu]
985 666 1086 727 est
1129 660 1202 726 in
1243 685 1319 726 ea
1361 663 1701 747 perfectus

622 770 839 855 Atque
876 768 1159 853 primum
1196 768 1442 854 aliquid
1479 791 1625 835 vere
1676 768 2042 855 Cynicum
2086 774 2418 857 παρρησία
2455 778 2582 838 est:
2630 772 2782 840 Dio-

445 900 637 965 genes
668 876 840 943 enim
870 875 1228 963 ἐρωτηθείς
1263 880 1376 961 »τί
1397 876 1751 943 κάλλιστον
1781 876 1853 942 ἐν
1880 876 2306 963 ἀνθρώποις“
2340 881 2466 964 ἔφη
2496 902 2782 967 ,,παρρη-
2828 906 2835 915 ·

444 986 625 1064 σία“;
663 984 832 1049 inter
869 984 1245 1070 ὁμοιώματα
1280 982 1607 1049 Aristonis
1639 984 1804 1070 Chii,
1844 982 2046 1050 Stoici
2082 984 2258 1050 illius
2295 1008 2496 1070 paene
2536 984 2782 1074 Cynici,

442 1092 604 1159 illud
649 1092 960 1159 traditum
1000 1096 1098 1156 est
1135 1088 1263 1179 (ap.
1303 1090 1481 1156 Stob.
1529 1094 1626 1176 13,
1654 1093 1769 1176 223
1813 1092 1847 1155 I
1882 1116 1943 1177 p.
1982 1092 2106 1157 261
2133 1089 2276 1178 M.):
2325 1094 2558 1178 ὅμοιον
2594 1093 2781 1173 ἀψιν-

443 1202 606 1265 θιόυ
658 1201 732 1265 τὸ
789 1200 988 1286 δριμὺ
1042 1196 1152 1263 καὶ
1209 1200 1414 1282 λόγου
1467 1198 1591 1282 τὴν
1637 1202 2013 1285 παρρησίαν
2062 1198 2349 1279 ἐκκόψαι.
2439 1198 2666 1286 Neque
2712 1201 2780 1266 in

441 1305 680 1372 Teletis
743 1329 810 1372 π.
865 1316 1085 1391 φυγῆς
1137 1328 1430 1371 sermone
1487 1306 1749 1371 omnino
1806 1306 2010 1392 deest,
2074 1307 2186 1372 sed
2242 1312 2782 1373 commemoratur

442 1412 532 1501 (p.
582 1413 682 1492 15,
714 1412 826 1500 16)
872 1413 1042 1479 inter
1087 1415 1316 1500 ἄρχειν
1362 1417 1427 1479 et
1470 1413 1921 1499 πιστεύεσθαι,
1968 1435 2359 1499 quamquam
2403 1437 2535 1480 non
2569 1415 2777 1481 fusius

440 1590 671 1643 cedente
723 1589 910 1643 medio
968 1592 1067 1643 aut
1117 1606 1218 1658 per
1262 1588 1597 1644 Aristonem.
1674 1588 1933 1643 Ceterum
1985 1589 2293 1658 posteriore
2338 1589 2461 1644 loco
2509 1591 2676 1659 (Plut.
2716 1594 2781 1647 de

438 1679 620 1733 tuend.
639 1695 758 1733 san.
781 1695 825 1733 c.
849 1685 876 1732 'a'
907 1696 961 1747 p.
987 1683 1086 1731 125
1103 1678 1148 1730 E
1169 1704 1236 1722 =
1257 1676 1425 1732 Clem.
1448 1678 1603 1732 Alex.
1625 1676 1796 1732 Paed.
1817 1678 1885 1745 H,
1907 1682 1973 1729 12
2001 1682 2169 1746 p.172
2184 1678 2251 1747 P)
2280 1678 2452 1733 etiam
2481 1679 2542 1734 in
2569 1680 2780 1736 Teletis

436 1767 559 1821 loco
592 1784 758 1835 quem
794 1768 945 1819 recte
983 1768 1274 1835 comparat
1308 1766 1494 1820 Hense
1531 1768 1603 1837 (p.
1627 1768 1819 1835 25,10)
1858 1765 2012 1819 illius
2052 1765 2439 1822 similitudinis
2475 1769 2779 1839 vestigium

437 1858 624 1910 exstat
674 1854 960 1927 (καθάπερ
1011 1851 1072 1910 ἐκ
1117 1857 1386 1925 πολεμίας
1431 1856 1683 1925 ἀφειδῶς
1728 1848 2246 1926 ἐπισιτιζομένους),
2298 1858 2556 1925 quamvis
2601 1876 2778 1928 prava

435 1946 696 2001 Gessneri
742 1945 1062 2000 coniectura
1107 1946 1480 2000 obscuratum.
1554 1943 1703 1999 Nam
1750 1961 1895 2014 quae
1937 1961 2062 1999 cum
2098 1945 2205 1999 hoc
2240 1945 2505 2016 leguntur
2540 1947 2637 2003 καὶ
2675 1943 2777 2003 ἐὰν

435 2036 538 2107 μὲν
585 2036 723 2103 πρὸς
769 2033 959 2105 ἕτερον
997 2034 1100 2105 (sic
1138 2036 1203 2090 H.
1234 2035 1270 2090 l.
1304 2037 1372 2103 e.)
1410 2038 1624 2105 κληθῇ,
1674 2030 1942 2096 ἐκπαθῶς
1979 2034 2279 2089 ἀπολαύει·
2327 2036 2495 2099 αὐτὸς
2532 2034 2595 2091 δὲ
2637 2035 2777 2107 ἔχων

435 2124 638 2180 οὐθενὶ
675 2124 748 2179 ἂν
785 2122 1019 2194 παρέχοι
1058 2122 1178 2177 ἀλλ’
1222 2119 1518 2194 ἐπιθυμῶν
1556 2123 1952 2194 στραγγεύεται
1987 2122 2072 2177 ita
2108 2122 2481 2193 intelligenda
2518 2128 2675 2195 sunt,
2715 2129 2778 2181 ut

435 2215 602 2277 αὐτὸς
631 2248 697 2254 -
725 2211 962 2284 παρέχοι
1008 2215 1066 2267 et
1111 2210 1232 2266 ἀλλ’
1259 2244 1325 2252 -
1355 2214 1751 2283 στραγγεύεται
1796 2212 1943 2267 inter
1990 2229 2075 2268 se.
2095 2215 2451 2282 opponantur
2492 2214 2774 2285 (,,ἀλλά“)ε

435 2307 498 2357 at
540 2321 736 2358 revera
782 2302 1095 2357 sententiae
1133 2301 1290 2371 „ipse
1325 2301 1618 2371 possidens
1655 2301 1868 2355 nemini
1906 2301 2205 2371 quicquam
2240 2302 2509 2371 praebet“
2547 2304 2776 2359 minime

433 2394 694 2463 opposita
741 2394 827 2447 est
873 2392 977 2446 illa
1023 2392 1178 2462 „ipse
1216 2390 1612 2460 concupiscens
1652 2392 1997 2445 cunctatur“.
2074 2390 2281 2445 Contra
2318 2391 2526 2461 optime
2566 2392 2775 2448 diceret

435 2482 589 2552 „ipse
628 2480 884 2551 quamvis
922 2481 1134 2535 habeat
1171 2479 1389 2549 aliquid
1426 2482 1490 2534 ut
1527 2497 1654 2534 cum
1692 2478 1809 2534 ullo
1848 2479 2219 2533 communicet
2255 2482 2479 2535 tantum
2514 2482 2677 2536 abest
2713 2486 2776 2536 ut

432 2570 827 2641 concupiscens
866 2571 938 2624 ab
978 2569 1106 2624 aliis
1143 2554 1466 2625 vescatur“:
1511 2569 1681 2632 αὐτὸς
1717 2568 1779 2623 δὲ
1820 2566 1961 2638 ἔχων
2000 2568 2202 2623 οὐθενὶ
2240 2566 2312 2623 ἂν
2348 2570 2609 2640 παρέχοι,
2648 2570 2770 2625 ἀλλ’

434 2657 729 2731 ἐπιθυμῶν
767 2659 1141 2730 στρατεύεται,
1178 2659 1240 2712 id
1277 2660 1428 2729 quod
1467 2659 1687 2714 codices
1724 2658 2006 2714 exhibent.
2039 2691 2105 2699 —
2136 2658 2346 2713 Eodem
2379 2658 2555 2730 igitur
2580 2660 2774 2714 Bionis

431 2750 554 2803 loco
591 2766 724 2801 usus
763 2750 850 2803 est
876 2748 1038 2802 Teles
1073 2765 1228 2802 more
1266 2766 1365 2801 suo
1399 2764 1527 2802 eum
1554 2747 1929 2817 interpretans
1957 2747 2144 2802 verbis
2182 2748 2351 2811 αὐτὸς
2386 2745 2449 2802 δὲ
2490 2746 2632 2818 ἔχων
2670 2750 2775 2803 οὐκ

433 2836 506 2892 ἂν
543 2835 780 2908 παρέχοι
826 2835 1125 2905 appositis:
1171 2853 1282 2905 quo
1327 2837 1480 2891 facto
1527 2836 1809 2891 sententia
1853 2854 1999 2905 quae
2045 2837 2299 2907 sequitur
2334 2836 2573 2907 (tertia),
2622 2840 2775 2907 apud

431 2927 666 2980 Bionem
703 2926 788 2995 (ut
817 2925 968 2994 apud
993 2924 1358 2979 Plutarchum
1387 2927 1444 2979 et
1472 2925 1835 2996 Clementem)
1876 2925 2205 2982 coordinata
2229 2926 2445 2996 primae
2483 2922 2773 2996 (ἐκπαθῶς

430 3015 755 3085 ἀπολαύει),
783 3014 1090 3069 secundae
1145 3016 1478 3085 opponenda
1534 3017 1670 3071 erat.
1746 3015 1907 3080 Quod
1952 3015 2129 3085 ipsius
2176 3015 2561 3069 similitudinis
2609 3016 2774 3085 quasi

429 3104 630 3159 umbra
676 3105 902 3159 tantum
949 3106 1208 3173 apparet,
1257 3103 1614 3174 epitomatori
1660 3104 1893 3160 tribuas.
1936 3136 2001 3145 -
2040 3105 2234 3174 Neque
2276 3104 2539 3159 extremis
2575 3104 2772 3159 Hensii

427 3192 615 3249 verbis
663 3191 940 3246 assentior
986 3224 1052 3232 —
1098 3194 1164 3247 ut
1216 3193 1358 3247 haec
1413 3192 1608 3249 statim
1662 3193 1895 3262 addam,
1952 3210 2295 3262 quamquam
2342 3193 2416 3246 ad
2462 3210 2530 3247 ea
2583 3194 2770 3262 potius

427 3283 703 3353 spectant,
741 3298 887 3350 quae
923 3281 1071 3334 infra
1108 3280 1460 3355 expositurus
1498 3300 1622 3336 sum
1649 3314 1716 3322 —-
1747 3282 1950 3350 quibus
1987 3281 2285 3336 Aristonea
2319 3299 2420 3351 per
2451 3281 2770 3336 Musonium

427 3371 713 3425 influxisse
767 3371 830 3423 in
871 3370 1238 3425 Plutarchum
1293 3388 1352 3425 se
1408 3370 1674 3426 arbitrari
1717 3372 2010 3441 profitetur
2056 3375 2129 3441 (p.
2170 3375 2321 3441 554),
2376 3371 2565 3425 nullus
2621 3372 2770 3426 enim

429 3461 652 3528 dubit0,
708 3457 845 3529 quin
898 3459 1234 3515 Plutarchus
1289 3460 1415 3530 ipsa
1467 3460 1747 3515 Aristonis
1803 3460 2013 3530 scripta
2066 3461 2270 3531 legerit
2324 3462 2495 3530 01111110
2547 3463 2771 3531 praeter

432 3551 642 3603 ceteros
695 3548 1029 3604 Plutarchus
1084 3549 1390 3619 genuinum
1439 3549 1762 3605 Aristonem
1816 3549 2148 3619 servaverit,
2204 3549 2411 3621 quippe
2466 3551 2564 3620 qui
2620 3552 2768 3605 certe

431 3637 747 3692 universam
795 3638 1201 3692 sententiarum
1253 3638 1501 3695 indolem
1545 3656 1659 3692 non
1702 3638 2011 3695 novaverit.
2095 3639 2301 3695 Contra
2346 3638 2662 3695 Musonium
2708 3640 2769 3693 in

430 3726 545 3781 illis
593 3728 661 3780 de
710 3725 876 3781 exilio
911 3726 1124 3783 Bionea
1168 3745 1282 3782 non
1317 3728 1618 3798 recepisse,
1669 3728 1768 3782 sed
1806 3729 1880 3781 ad
1917 3746 2050 3783 suae
2086 3728 2478 3799 philosophiae
2513 3745 2768 3782 normam

428 3816 679 3870 mutasse
730 3831 1149 3885 cognoscemus:
1206 3816 1306 3871 ubi
1353 3816 1401 3871 si
1447 3817 1573 3886 quis
1620 3820 1893 3887 opponat,
1947 3816 2109 3870 nobis
2163 3834 2277 3870 non
2320 3833 2481 3870 veros
2523 3816 2767 3870 Musonii

428 3904 625 3977 λόγους
677 3904 738 3958 111
791 3903 1051 3959 manibus
1098 3922 1243 3975 esse,
1301 3907 1401 3961 sed
1445 3908 1671 3961 tantum
1716 3906 1908 3976 capita
1952 3923 2021 3961 ex
2067 3905 2147 3959 eis
2196 3907 2295 3961 aut
2341 3904 2623 3975 descripta
2668 3908 2767 3959 aut

427 3996 715 4065 excerpta,
771 3995 1144 4065 respondebo,
1202 3998 1350 4051 certe
1407 3996 1716 4051 sententias
1773 3998 2061 4051 auctorem
2106 3995 2307 4049 horum
2360 3992 2609 4064 capitum
2653 4011 2767 4049 non

424 4086 791 4156 permutasse.
865 4085 1040 4143 Immo
1096 4084 1317 4141 dubitet
1361 4086 1593 4156 aliquis,
1648 4104 1783 4139 num
1827 4084 2117 4139 Musonius
2163 4083 2481 4137 Aristonem
2530 4082 2763 4152 noverit,

427 4192 552 4229 cum
599 4175 748 4228 certe
793 4171 852 4227 in
900 4172 979 4227 eis
1017 4174 1388 4245 Musonianis,
1436 4192 1580 4245 quae
1621 4178 1752 4229 sunt
1797 4176 1867 4228 de
1904 4174 2096 4241 exili0,
2146 4173 2445 4243 quicquam
2482 4171 2763 4226 Aristonei

427 4264 606 4318 inesse
647 4262 794 4317 effici
830 4280 941 4316 non
977 4264 1173 4333 possit,
1213 4264 1468 4333 quamvis
1505 4265 1688 4319 multa
1713 4264 1848 4318 licet
1875 4262 2217 4332 recognituri
2245 4255 2417 4315 simus
2445 4259 2671 4317 Bionea.
2695 4294 2761 4302 —

428 4352 604 4406 Citius
632 4351 1053 4421 Xenophonteis
1089 4351 1205 4407 illis
1243 4370 1309 4407 eo
1347 4353 1612 4422 adducor,
1649 4354 1715 4405 ut
1752 4353 2059 4406 extremam
2096 4347 2364 4403 sermonis
2396 4367 2454 4403 π.
2476 4349 2764 4414 ἀπαθείας

427 4443 644 4509 partem
679 4442 752 4511 (p.
784 4446 870 4509 47,
901 4447 929 4494 7
953 4444 1098 4511 sqq.)
1137 4458 1168 4495 e
1197 4441 1373 4496 Bione
1410 4442 1665 4495 hausisse
1695 4440 1945 4495 Teletem
1981 4439 2241 4507 iudicem,
2278 4436 2377 4506 qui
2412 4439 2605 4492 tamen
2640 4439 2761 4510 ipse

429 4527 716 4599 Stilponea
750 4528 812 4584 in
849 4548 1010 4585 suum
1046 4549 1209 4585 usum
1245 4530 1584 4586 converterit
1619 4530 1709 4601 (cf.
1750 4547 1919 4599 supra
1954 4548 2007 4599 p.
2039 4535 2107 4585 18
2143 4547 2197 4598 p.
2228 4530 2334 4597 31).
