3309 5167
1370 359 1799 423 -95-

415 520 708 608 arbitrer,
762 542 958 607 quam
1001 523 1077 583 ut
1123 517 1321 583 etiam
1366 518 1536 603 apud
1580 517 2003 582 Plutarchum
2059 517 2235 583 color
2281 518 2563 583 Bioneus
2619 522 2756 583 tam

415 612 700 695 sincerus
753 627 998 693 servari
1050 626 1362 712 potuerit,
1420 627 1597 691 velut
1652 626 1722 690 in
1776 624 2072 691 irrisione
2127 624 2472 711 Polynicis.
2571 622 2758 689 Hanc

413 736 616 821 igitur
670 736 901 801 saltem
953 738 1206 818 partem
1261 756 1337 798 ex
1390 731 1592 817 ipsius
1639 731 1865 798 Bionis
1922 732 2217 798 diatribis
2271 732 2565 797 hausisse
2611 730 2757 797 Plu-

414 844 713 909 tarchum
759 840 921 907 mihi
965 862 1344 924 persuasum
1391 843 1508 903 est.
2509 838 2516 845 '

590 950 701 1015 VI.
754 952 809 1015 1.
872 948 1106 1013 Restat
1149 952 1224 1011 ut
1268 946 1553 1011 breviter
1589 946 2054 1031 perlustremus
2095 968 2257 1031 quae
2296 947 2375 1011 de
2412 945 2545 1011 suis
2584 944 2757 1010 addi-

415 1057 584 1122 disse
621 1057 725 1122 vel
759 1057 838 1121 de
875 1054 1019 1120 aliis
1058 1053 1346 1119 fontibus
1379 1052 1675 1119 videatur
1703 1052 2189 1137 ChaeronensiS,
2228 1054 2407 1119 velut
2442 1054 2511 1118 in
2550 1076 2685 1137 cap.
2715 1054 2756 1119 5

323 1246 327 1250 Ι
413 1164 599 1229 illum
642 1162 934 1229 Platonis
981 1161 1226 1226 Timaei
1273 1162 1488 1226 locum
1525 1158 1616 1248 (p.
1648 1162 1734 1225 90
1752 1157 1871 1248 A),
1918 1182 2111 1245 quem
2160 1164 2379 1225 tamen
2423 1159 2619 1244 paulo
2665 1160 2759 1223 ita

414 1270 708 1357 mutavit,
737 1268 930 1335 sicuti
957 1270 1037 1333 ad
1066 1290 1250 1333 suam
1278 1292 1415 1333 rem
1444 1290 1606 1352 opus
1635 1272 1793 1333 erat.
1842 1266 2007 1333 Cum
2036 1267 2208 1333 enim
2228 1268 2399 1351 apud
2416 1266 2757 1332 Platonem

413 1377 576 1443 illud
623 1380 880 1461 ἔγγειον
915 1375 1169 1442 notioni
1206 1375 1527 1462 οὐράνιον
1563 1374 1937 1460 oppositum
1972 1375 2076 1460 sit,
2120 1374 2507 1441 Plutarchus
2543 1374 2759 1440 verbis

417 1482 562 1549 οὐδ’
605 1481 920 1567 ἀκίνητον
957 1481 1272 1568 appositis
1299 1504 1448 1547 eum
1470 1481 1697 1547 intulit
1724 1503 1985 1547 sensum
2010 1487 2087 1546 ut
2112 1486 2357 1567 „terrae
2386 1480 2763 1547 inhaerens“

416 1591 827 1676 significaret.
901 1586 1306 1674 Quamquam
1339 1612 1474 1654 non
1499 1589 1886 1655 Plutarchus
1924 1583 2171 1673 primus
2210 1586 2378 1655 hanc
2413 1588 2762 1674 imaginem

282 1690 284 1693 ’
415 1700 496 1763 ad
550 1698 814 1764 exilium
868 1696 1167 1762 retulisse
1212 1696 1494 1762 videtur:
1547 1696 1853 1782 leguntur
1900 1695 2070 1761 enim
2118 1695 2353 1762 similia
2400 1718 2545 1761 cum
2590 1698 2762 1781 apud

412 1806 834 1871 Plutarchum
869 1804 1085 1889 ipsum
1121 1808 1260 1869 arte
1293 1826 1445 1870 cum
1472 1803 1837 1869 Aristoneis
1869 1803 2211 1869 coniuncta
2237 1807 2380 1868 tum
2408 1804 2477 1869 in
2502 1804 2757 1888 Epicte-

413 1913 554 1999 teis,
600 1913 714 1978 ubi
760 1914 838 1977 de
887 1912 1389 1978 commutatione
1433 1911 1560 1976 loci
1606 1911 1841 1997 agitur.
1915 1911 2005 1976 Hi
2048 1916 2201 1977 sunt
2237 1911 2389 1976 loci:
2435 1911 2607 1976 Plut.
2638 1934 2688 1977 c.
2722 1915 2756 1978 7

413 2018 647 2107 πατρὶς
692 2017 766 2085 δὲ
813 2024 1108 2103 γίγνεται
1153 2029 1330 2085 πᾶσα
1375 2022 1566 2096 πόλις
1612 2020 1821 2096 εὐθὺς
1858 2015 2195 2108 ἀνθρώπῳ
2230 2026 2523 2105 χρῆσθαι
2560 2043 2761 2104 μεμα-

412 2130 649 2212 θηκότι
704 2124 814 2193 καὶ
872 2128 1090 2216 ῥίζας
1148 2130 1410 2213 ἔχοντι
1463 2136 1867 2211 πανταχοῦ
1924 2128 2039 2210 ζῆν
2096 2149 2168 2189 τε
2224 2124 2335 2191 καὶ
2394 2125 2760 2212 τρέφεσθαι

411 2234 522 2300 καὶ
603 2232 836 2300 παντὶ
919 2238 1123 2323 τόπῳ
1195 2236 1752 2321 προσφύεσθαι
1818 2231 2217 2318 δυναμέναςς
2255 2225 2342 2298 ὀ.
2400 2235 2475 2297 17
2546 2236 2760 2298 καίτοι

413 2351 633 2430 φυτῷ
687 2337 810 2426 μὲν
865 2344 1005 2407 ἔστι·
1049 2366 1148 2419 τις
1193 2343 1372 2427 χώρα
1419 2347 1673 2425 μᾶλλον
1720 2338 1945 2426 ἑτέρας
1990 2338 2176 2426 ἑτέρα
2221 2343 2633 2427 πρόσφορος,
2688 2340 2762 2406 ἐν

411 2444 456 2535 ᾗ
517 2447 816 2536 τρέφεται
862 2446 972 2513 καὶ
1019 2449 1373 2533 βλαστάνει
1420 2444 1712 2533 βέλτιον·
1768 2445 2137 2533 ἀνθρώπου
2184 2444 2241 2512 δ’
2296 2445 2520 2524 οὐδεὶς
2562 2451 2763 2525 τόπος

413 2578 467 2619 6.
505 2579 566 2640 q.
605 2579 654 2620 s.
693 2560 759 2619 et
795 2554 1034 2620 similia
1068 2555 1283 2640 Epict.
1329 2555 1481 2620 diss,
1527 2554 1644 2640 IH,
1684 2556 1788 2640 24,
1828 2556 1866 2621 8
1905 2553 1947 2638 ἢ
1983 2555 2225 2632 πάντες
2262 2556 2557 2619 ἔστωσαν
2592 2552 2762 2619 ἀθά-

413 2686 602 2727 νατοι
642 2660 752 2728 καὶ
791 2660 1019 2748 μηδεὶς
1045 2660 1486 2746 ἀποδημείτω·
1525 2656 1679 2747 μηδ’
1714 2661 1901 2747 ἡμεῖς
1935 2684 2067 2727 που
2103 2656 2567 2747 ἄποδημῶμεν,
2594 2662 2761 2727 ἀλλὰ

416 2768 716 2853 μένωμεν
745 2770 842 2846 ὡς
876 2772 966 2834 τὰ
995 2772 1174 2854 φυτὰ
1200 2768 1948 2856 προσερριζωμένοι;
1986 2772 2025 2849 ἓ
2058 2771 2138 2833 12
2169 2770 2204 2835 ὁ
2235 2764 2294 2834 δ’
2329 2770 2722 2855 ἄνθρωπος.
2744 2820 2758 2835 .

418 2878 514 2940 ἔτι
542 2873 806 2942 κάκεῖνο
837 2878 1086 2961 ἔσχηκε,
1113 2879 1196 2941 τὸ
1235 2877 1333 2961 μὴ
1372 2875 1847 2963 ἐρριζῶσθαι
1886 2873 2079 2960 μηδὲ
2114 2876 2757 2963 προσπεφυκέναι

413 2990 501 3067 τῇ
551 2991 670 3067 γῇ;
715 2986 754 3063 ἓ
791 2984 878 3049 36
926 2978 1064 3049 εἶτα
1102 3008 1213 3068 μοι
1251 2982 1474 3060 θέλεις
1511 2984 1608 3062 ὡς
1655 2985 1907 3068 φυτὸν
1950 2990 2547 3070 προσηρτῆσθαι
2593 2993 2761 3057 τοῖς

413 3089 688 3167 αὐτοῖς
731 3092 1006 3166 τόποις
1048 3087 1175 3155 καὶ
1221 3094 1928 3177 προσερριζῶσθαι.

590 3195 758 3261 Item
814 3200 1102 3261 extrema
1155 3196 1330 3261 illius
1387 3196 1615 3282 capitis
1670 3198 1868 3263 verba
1922 3196 2069 3261 inde
2126 3220 2165 3261 a
2216 3199 2377 3273 θεὸς
2430 3190 2641 3282 ἀρχήν
2689 3219 2759 3261 τε

411 3301 520 3367 καὶ
572 3300 736 3387 μέσα
789 3302 900 3369 καὶ
956 3304 1271 3387 τελευτὴν
1321 3306 1491 3389 ἔχων
1545 3314 1665 3369 τοῦ
1719 3307 1966 3382 παντός
2020 3327 2053 3369 6
2108 3302 2399 3368 Platonis
2456 3305 2532 3368 de
2589 3304 2756 3388 legg.
2834 3347 2839 3351 -

343 3496 348 3501 ἡ
414 3409 527 3473 lib.
572 3410 668 3475 IV
714 3409 805 3499 (p.
849 3412 977 3478 715
1005 3409 1096 3499 Ε)
1143 3412 1526 3496 deprompta
1567 3434 1607 3476 a
1643 3411 1994 3477 Plutarcho
2042 3411 2169 3476 alio
2215 3432 2250 3474 e
2288 3410 2467 3475 fonte
2503 3411 2756 3475 haustis

417 3517 712 3599 apposita
755 3523 924 3604 sunt,
963 3542 1126 3603 quae
1155 3518 1636 3584 Duemmlero
1677 3520 1876 3585 Akad.
1905 3543 1967 3604 p.
1997 3520 2123 3585 277
2164 3541 2293 3582 una
2331 3540 2475 3583 cum
2514 3522 2760 3582 antece-

415 3622 716 3687 dentibus
771 3647 805 3687 e
857 3624 1058 3690 Stoici
1114 3625 1445 3691 cuiusdam
1498 3627 1667 3692 libro
1724 3632 1984 3711 sumpta
2036 3648 2174 3691 esse
2229 3626 2555 3710 videntur,
2612 3647 2757 3689 cum

416 3728 612 3794 dicat:
659 3729 852 3815 „Dies
889 3731 978 3797 ist
1023 3734 1178 3797 aber
1220 3756 1345 3798 nur
1391 3732 1495 3797 ein
1539 3732 1795 3818 beweis‚
1842 3732 1963 3799 wie
2008 3753 2169 3819 gern
2214 3737 2519 3815 spatere
2558 3730 2760 3796 Stoi-

414 3836 572 3922 ker‚
617 3836 1013 3903 namentlich
1057 3840 1181 3904 seit
1216 3839 1564 3925 Panaitios‚
1609 3839 1717 3904 f'ur
1760 3840 1900 3904 ihre
1938 3839 2114 3904 lehre
2152 3838 2443 3903 bestati
2454 3860 2602 3931 gun
2613 3860 2757 3923 gen

413 3968 546 4009 aus
585 3942 865 4009 Platon
901 3946 1231 4011 suchten“:
1277 3962 1428 4012 nam
1467 3947 1634 4013 solet
1669 3947 2056 4012 Plutarchus
2096 3946 2188 4011 sic
2224 3968 2429 4031 pauca
2463 3934 2755 4010 Platonis

409 4054 609 4117 verba
655 4052 826 4117 inter
863 4077 938 4118 ea
973 4077 1135 4139 quae
1173 4054 1428 4119 aliunde
1465 4054 1657 4138 petiit
1694 4048 1990 4139 inserere,
2039 4076 2183 4118 cum
2219 4058 2475 4138 praeter
2511 4058 2755 4118 ceteros

411 4159 751 4225 Platonem
780 4160 998 4245 magni
1027 4160 1465 4227 aestimaverit
1502 4164 1696 4246 atque
1731 4160 2212 4245 philosophiam
2249 4160 2385 4227 eius
2424 4160 2754 4244 amplexus

414 4266 499 4329 sit
545 4264 655 4353 (cf.
693 4266 1093 4354 Volkmann,
1142 4268 1460 4336 Plutarch.
1507 4268 1574 4334 II
1618 4292 1679 4353 p.
1720 4265 1855 4356 52).

590 4376 649 4439 2.
720 4374 900 4439 Idem
955 4376 1032 4441 de
1089 4374 1182 4441 eis
1231 4398 1394 4460 quae
1439 4376 1828 4441 antecedunt
1874 4374 1967 4440 sic
2012 4373 2300 4440 iudicatz.
2331 4374 2472 4460 „die
2520 4376 2753 4460 grund-

414 4478 557 4563 lage
597 4482 781 4564 jener
826 4482 1313 4568 ausfiihrungen
1359 4482 1447 4547 ist
1485 4482 1826 4547 sicherlich
1873 4482 2200 4566 kynisch
2246 4482 2377 4545 und
2410 4482 2753 4567 jedenfalls
