3309 5167
1455 359 1839 421 -3-

475 526 610 599 tate,
656 525 821 585 certa
865 540 1022 601 qnae
1065 519 1138 583 de
1179 519 1308 581 vita
1354 518 1727 583 inhonorata
1769 522 1825 581 et
1870 518 2137 601 ingloria
2171 518 2296 583 dici
2328 518 2595 595 solemn,-
2642 539 2813 600 sepa—

473 630 663 693 ratim
709 633 904 692 certae
945 626 1184 691 scholae
1224 630 1372 691 sunt
1413 627 1486 690 de
1529 626 1775 709 exilio,
1820 626 1893 689 de
1936 626 2189 689 interitu
2220 626 2485 707 patriae.
2534 676 2547 687 .
2577 677 2591 688 .
2638 626 2817 689 Haec

477 735 702 801 Graeci
753 737 824 798 in
875 733 1114 798 scholas
1164 738 1221 796 et
1269 734 1338 796 in
1387 732 1664 815 sinyulos
1708 732 1895 797 libros
1938 731 2321 813 dispertiunt.
2412 731 2813 816 Quamquam

475 841 739 907 minime
793 841 864 904 in
910 862 986 905 eo
1031 840 1548 923 acquiescebant,
1602 843 1678 903 ut
1722 837 1894 902 idem
1928 838 2167 903 iterum
2212 837 2577 923 iterumque
2620 838 2815 903 rumi-

473 953 730 1013 narent:
776 970 894 1031 pro
941 970 1056 1012 suo
1103 947 1376 1031 quisque
1421 946 1683 1041 ingenio
1720 946 1961 1009 tradita
1996 947 2395 1011 retractabat
2430 951 2625 1030 atque
2661 968 2813 1009 suae

479 1056 752 1140 quisque
799 1054 1000 1118 indoli
1036 1054 1454 1139 adaequabat.
1519 1053 1731 1129 Quare
1767 1076 1899 1117 non
1936 1053 2074 1117 sine
2112 1052 2331 1137 aliquo
2368 1053 2585 1117 fructu
2620 1058 2814 1137 atque

479 1186 624 1226 cum
672 1162 943 1246 quadam
987 1162 1322 1245 voluptate
1367 1183 1488 1225 nos
1534 1160 1603 1223 in
1650 1160 2027 1245 quaestione
2072 1160 2409 1245 proposita
2444 1164 2814 1225 versaturos

479 1292 616 1333 esse
663 1292 864 1353 spero,
912 1291 1228 1353 quaenam
1264 1268 1396 1332 sint
1441 1274 1603 1332 certa
1647 1268 1788 1352 illa,
1836 1272 1903 1331 et
1946 1266 2114 1331 unde
2154 1266 2471 1351 originem
2516 1266 2817 1331 duxerint

479 1382 544 1440 et
598 1376 916 1460 quomodo
979 1379 1339 1459 propagata
1401 1374 1534 1438 sint
1592 1374 1853 1458 singula
1916 1378 2109 1458 atque
2174 1373 2499 1457 quomodo
2560 1378 2814 1437 novata.

477 1483 679 1559 Quam
732 1505 869 1547 rem
925 1506 1072 1547 cum
1134 1482 1440 1545 facillime
1495 1487 1638 1546 tum
1693 1481 2171 1566 elegantissime
2236 1481 2329 1545 ita
2383 1480 2816 1567 expediemus,

477 1595 550 1654 ut
601 1589 884 1674 primum
939 1612 1162 1653 earum
1216 1590 1294 1652 de
1355 1589 1547 1653 exilio
1613 1588 2233 1652 commentationum
2296 1610 2459 1672 quae
2524 1592 2815 1651 servatae

475 1704 626 1762 sunt
669 1696 1180 1762 vetustissimam
1224 1696 1689 1780 perlustremus
1736 1701 1803 1759 et
1848 1695 1919 1759 in
1962 1695 2175 1759 fontes
2223 1695 2359 1758 eius
2414 1694 2815 1779 inquirentes

474 1809 540 1869 et
613 1806 871 1889 singula
941 1826 1057 1889 per
1128 1803 1508 1887 posterioris
1591 1802 1825 1868 aetatis
1909 1802 2256 1886 scriptores
2338 1807 2817 1886 persequentes,

475 1912 701 1976 deinde
739 1934 815 1976 ea
860 1933 1024 1995 quae
1069 1911 1191 1974 hac
1226 1910 1334 1975 via
1371 1931 1759 1995 cognoscere
1792 1932 1927 1974 non
1962 1908 2384 1993 potuerimus,
2430 1908 2525 1973 ita
2559 1908 2818 1992 assequi

475 2019 865 2103 studeamUS,
903 2023 979 2083 ut
1015 2041 1054 2081 a
1080 2017 1548 2083 recentioribus
1577 2016 1837 2102 scriptis
1868 2016 2285 2081 ascendamus
2324 2016 2405 2079 ad
2442 2015 2814 2081 vetustiora.

1471 2374 1719 2461 Caput
1769 2376 1816 2440 I.

1032 2530 1129 2585 De
1177 2530 1426 2585 'l'eletis
1470 2532 1623 2603 περὶ
1671 2534 1885 2600 φυγῆς
1928 2542 2258 2585 sermone.

650 2662 790 2726 Iam
844 2661 1047 2747 igitur
1101 2664 1475 2727 accedamus
1529 2663 1609 2726 ad
1653 2661 1947 2727 Telctis
1994 2660 2143 2747 περὶ
2192 2671 2411 2747 φυγῆς
2457 2682 2817 2725 sermonem

478 2774 542 2833 et
597 2791 976 2853 quaeramus
1034 2769 1268 2853 quibus
1325 2770 1699 2834 auctoribus
1754 2769 1825 2833 in
1880 2792 1955 2833 eo
2004 2769 2443 2853 componendo
2500 2791 2653 2833 usus
2711 2768 2813 2832 sit.

653 2875 700 2939 I.
747 2875 964 2941 Primo
1004 2876 1323 2961 epitomae
1362 2876 1697 2941 enuntiato
1734 2876 2363 2960 comprehenduntur
2401 2899 2564 2961 quae
2600 2875 2815 2960 priore

479 2983 932 3067 disputationis
987 2988 1172 3067 parte
1225 2983 1397 3047 inter
1451 2983 1890 3047 adversarium
1945 2987 2137 3067 atque
2198 2983 2488 3047 Teletem
2543 2981 2819 3047 disserta

477 3094 677 3177 erant,
725 3090 969 3154 scilicet
1014 3111 1132 3153 nos
1170 3090 1342 3153 haud
1381 3089 1926 3175 ἀλογιστοτέρους
1964 3089 2157 3154 exilio
2195 3088 2335 3154 fieri
2374 3087 2462 3175 (p.
2507 3089 2604 3173 14,
2644 3089 2818 3154 2-5

476 3190 555 3262 01Ϊ
582 3197 799 3263 Hense
828 3198 898 3261 in
927 3198 1067 3261 adn.
1092 3195 1288 3283 crit.);
1325 3202 1466 3261 tum
1506 3196 1799 3282 Stilpone
1829 3202 1902 3261 ut
1931 3197 2185 3261 videtur
2222 3200 2483 3260 auctore
2512 3193 2599 3281 (p.
2633 3198 2725 3278 14,
2752 3193 2819 3280 7)

476 3306 740 3389 exponit
783 3305 987 3389 Teles,
1035 3303 1300 3369 exilium
1344 3304 1532 3368 nobis
1580 3305 1834 3368 nullum
1879 3306 2199 3369 bonorum
2242 3325 2449 3386 neque
2495 3313 2630 3365 τῶν
2667 3301 2819 3387 περὶ

478 3412 684 3494 <τὴν>
729 3412 952 3494 ψυχὴν
997 3410 1037 3493 ἢ
1084 3422 1219 3476 τῶν
1263 3409 1413 3495 περὶ
1460 3412 1534 3475 τὸ
1582 3420 1769 3494 σῶμα
1814 3409 1854 3493 ἢ
1900 3421 2035 3475 τῶν
2072 3408 2255 3485 ἐκτός
2292 3407 2541 3473 auferre
2588 3404 2675 3493 (p.
2720 3410 2819 3491 14,

479 3516 740 3604 Ssqq.):
803 3518 932 3582 iam
997 3539 1150 3582 vero
1218 3516 1511 3602 quaestio
1576 3516 1800 3581 existit
1864 3538 2265 3601 quamnam
2331 3538 2463 3600 per
2524 3517 2820 3598 partem

481 3624 1038 3690 commentationis
1111 3624 1328 3688 'Peles
1398 3622 1832 3708 Stilponem
1900 3628 2210 3688 secutus
2278 3622 2407 3707 sit,
2486 3643 2632 3684 cum
2695 3621 2819 3685 viri

478 3732 650 3797 docti
685 3733 973 3796 nondum
1011 3735 1253 3795 certam
1299 3732 1375 3794 de
1419 3731 1541 3794 hac
1582 3753 1650 3794 re
1691 3730 2078 3795 sententiam
2127 3728 2536 3814 protulerint.
2612 3726 2821 3791 Zeller

477 3840 649 3903 enim
685 3837 768 3926 (d.
799 3839 955 3921 phil.
991 3841 1047 3903 d.
1083 3838 1195 3903 Gr.
1224 3838 1306 3922 Π,
1343 3842 1371 3902 1
1416 3861 1474 3922 p.
1511 3837 1820 3903 235-adn.
1852 3836 1923 3924 2)
1964 3838 2089 3901 hoc
2126 3840 2420 3900 accurate
2466 3833 2819 3917 significari

474 3969 664 4030 posse
727 3950 949 4031 negat3
1022 3944 1488 4027 Wilamowitz,
1558 3944 1673 4029 qui
1737 3946 1956 4027 philol.
2018 3952 2243 4010 coniers,
2308 3944 2403 4008 IV
2468 3948 2546 4012 de
2599 3947 2818 4010 Telete

476 4053 638 4138 egit,
695 4076 830 4117 rem
887 4052 1148 4137 quidem
1213 4051 1508 4137 attingit,
1573 4053 1686 4116 sed
1742 4051 1813 4116 in
1865 4052 2110 4116 incerto
2167 4050 2501 4139 relinquit,
2556 4053 2818 4118 minime

477 4161 796 4225 satisfacit
851 4160 909 4224 ei
967 4158 1078 4243 qui
1135 4162 1309 4222 certa
1363 4160 1799 4243 expectaverit
1853 4159 1940 4247 (p.
1983 4162 2111 4225 305
2151 4156 2289 4246 sq).
2381 4158 2598 4223 Hense
2653 4159 2820 4222 nihil

477 4269 746 4332 adnotat
801 4268 881 4332 ad
933 4268 1106 4331 hunc
1161 4265 1374 4329 locum
1429 4266 1558 4330 nisi
1614 4268 1786 4351 quod
1844 4267 2002 4331 dicit
2056 4266 2125 4330 in
2177 4266 2463 4351 prolegg.
2522 4264 2608 4352 (p.
2657 4264 2818 4353 XL),

476 4375 764 4439 Teletem
827 4375 974 4439 inde
1041 4396 1079 4437 a
1133 4372 1346 4438 verbis
1408 4374 1531 4438 οὐκ
1585 4376 1895 4459 ἄρχουσι,
1952 4377 2190 4458 φασίν,
2264 4373 2345 4437 οὐ
2398 4375 2819 4439 πιστεύονται

476 4505 536 4568 p.
604 4483 712 4569 15,
774 4484 854 4548 16
911 4482 1118 4559 multa
1172 4482 1248 4545 de
1305 4480 1438 4545 suis
1495 4480 1921 4565 interponere.
2014 4479 2239 4565 Neque
2296 4478 2410 4564 qui
2454 4481 2819 4565 nuperrime

2321 4592 2345 4641 1
2366 4586 2393 4618 ae
