3309 5167
419 540 679 583 necesse
707 523 807 584 est
839 522 1032 603 atque
1059 517 1276 583 Hense
1315 519 1628 605 (prolegg.
1649 542 1714 603 p.
1734 515 1896 604 XL),
1935 517 2047 602 (1111
2084 517 2152 581 111
2188 517 2557 583 universum
2594 518 2759 582 hanc

421 625 498 689 de
536 624 996 690 commentario
1033 624 1147 689 illo
1187 624 1574 689 sententiam
1609 625 1763 689 fert:
1800 622 2153 708 „Stilponis
2192 624 2395 709 igitur
2433 624 2761 709 dialogum

422 725 715 817 sequitur
751 735 817 795 et
852 730 921 795 in
955 731 1143 795 initio
1184 731 1443 816 quidem
1481 731 1735 796 fidelius
1782 736 1983 815 utque
2029 730 2313 795 breviter
2351 730 2759 815 comprehen-

421 838 532 903 dat
588 860 750 924 quae
804 837 1069 926 πρῴην
1125 838 1190 902 81
1237 843 1442 903 recte
1495 837 1979 922 interpretor
2026 837 2475 921 exposuerit
2518 837 2759 921 expli-

422 945 726 1010 catius.“
813 944 997 1021 Quod
1046 944 1281 1009 rectius
1330 944 1422 1009 sic
1469 944 1918 1029 explicandum
1955 944 2107 1009 erit:
2156 968 2301 1010 cum
2337 949 2552 1010 totum
2588 946 2759 1010 hunc

421 1076 782 1118 sermonem
820 1051 1089 1117 diversis
1127 1051 1356 1116 frustis
1389 1051 1703 1136 Stilponis
1742 1074 1776 1115 e
1816 1051 2073 1136 scriptis
2112 1052 2389 1137 sumptis
2430 1075 2761 1138 composu—

421 1159 544 1224 erit
597 1160 810 1244 TeleS,
873 1159 1038 1224 hanc
1092 1159 1480 1244 particulam
1533 1159 1663 1225 iam
1719 1159 1847 1223 alia
1902 1159 2235 1224 occasione
2292 1183 2331 1223 a
2376 1182 2443 1224 se
2498 1160 2763 1225 allatam

420 1289 558 1331 esse
604 1268 949 1351 profitetur
989 1265 1309 1353 („praeter
1345 1266 1506 1331 illud
1547 1266 1881 1351 stilponis,
1927 1267 2100 1352 quod
2136 1266 2266 1331 iam
2304 1288 2508 1352 nuper
2546 1265 2759 1355 dixi“).

419 1372 573 1437 Alia
615 1373 934 1458 particula
978 1373 1208 1458 incipit
1251 1373 1398 1438 inde
1446 1396 1484 1439 a
1520 1374 1736 1439 verbis
1776 1375 1896 1439 οὐκ
1935 1376 2210 1460 ἄρχουσι
2254 1378 2480 1458 φησίν,
2525 1378 2599 1439 ut
2634 1375 2758 1439 hoc

419 1481 634 1564 ipsum
700 1485 910 1565 φησίν
967 1480 1235 1565 indicat,
1299 1479 1428 1544 alia
1481 1480 1629 1544 inde
1686 1504 1724 1545 a
1775 1503 1835 1564 p.
1899 1482 1998 1564 17,
2031 1482 2139 1564 12,
2205 1484 2278 1545 ut
2332 1480 2495 1545 illud
2554 1484 2761 1564 φησίν

422 1610 481 1671 p.
517 1588 678 1671 18,4
717 1587 1057 1673 significat.
1121 1588 1370 1652 Eodem
1407 1588 1598 1652 modo
1638 1587 1893 1651 diversa
1918 1586 2142 1652 Bionis
2180 1588 2463 1652 frustula
2498 1587 2669 1652 inter
2696 1612 2763 1653 se

421 1699 853 1759 annectuntur
898 1694 1085 1760 initio
1135 1694 1696 1759 commentationis
1734 1716 1800 1760 π.
1838 1694 2227 1780 αὐταρκείας
2264 1693 2350 1780 (p.
2382 1697 2441 1780 3,
2463 1696 2530 1779 93
2569 1696 2628 1779 3,
2656 1698 2760 1780 133

421 1800 643 1888 3‚15);
691 1806 916 1867 contra
950 1824 1010 1886 p.
1040 1804 1100 1886 4,
1129 1804 1171 1867 2
1209 1802 1406 1867 verba
1440 1800 1665 1865 Bionis
1704 1800 2113 1885 excipiuntur
2148 1801 2271 1865 hac
2308 1800 2550 1886 vocula,
2589 1807 2764 1885 post-

423 1930 618 1993 quam
655 1908 1166 1974 additamentum
1203 1908 1340 1992 ipse
1377 1908 1738 1972 inseruerat
1763 1908 1949 1972 Teles
1988 1906 2152 1994 (scil.
2182 1909 2380 1972 verba
2408 1908 2488 1973 ὃν
2515 1912 2762 1996 τρόπον

419 2014 530 2080 καὶ
585 2016 773 2100 ἡμεῖς
825 2013 935 2080 καὶ
991 2016 1265 2079 δύναιτο
1314 2015 1908 2098 δικαιολογεῖσθαις
1965 2013 2201 2097 duplex
2246 2014 2418 2079 enim
2463 2014 2624 2079 illud
2672 2018 2763 2081 δι-

420 2129 916 2206 καιολογεῖσθαι
970 2121 1162 2186 Β10111
1225 2141 1346 2205 ego
1407 2142 1543 2185 non
1605 2118 1994 2205 tribuerim).
2094 2120 2234 2185 Iam
2299 2125 2504 2185 restat
2557 2126 2631 2186 ut
2686 2123 2761 2187 de

420 2228 629 2312 primo
694 2229 896 2294 totius
960 2226 1520 2293 commentationis
1576 2226 1913 2291 enuntiato
1968 2249 2174 2311 pauca
2228 2227 2525 2313 adiciam,
2591 2230 2765 2314 quod

422 2336 576 2421 quid
631 2337 758 2403 sibi
815 2336 974 2402 velit
1021 2358 1215 2421 supra
1261 2334 1691 2420 exposuimus,
1784 2333 2001 2419 Atque
2049 2334 2346 2420 equidem
2391 2340 2552 2421 puto
2596 2336 2764 2401 hanc

309 2446 313 2450 ’
422 2465 677 2530 (1110(1116
733 2444 1189 2529 disputationis
1245 2448 1496 2528 partem
1551 2443 1632 2506 ad
1681 2440 2042 2526 Stilponem
2088 2442 2320 2527 redire,
2377 2444 2487 2528 qui
2535 2445 2761 2528 quanti

420 2554 537 2616 τὸν
585 2554 786 2634 λόγον
833 2549 1270 2616 aestimaverit
1315 2550 1698 2635 praesertim
1745 2572 1779 2613 e
1817 2549 2321 2615 narratiunculis
2360 2550 2490 2615 illis
2531 2572 2761 2637 cogno-

421 2658 639 2742 scitur,
670 2681 944 2743 quarum
973 2680 1225 2723 summa
1254 2657 1622 2722 continetur
1655 2657 1747 2721 eis
1779 2680 1940 2742 quae
1964 2655 2173 2741 Stilpo
2196 2658 2528 2743 respondit
2546 2659 2760 2723 verbis

418 2764 883 2851 interrogatus,
942 2765 1098 2851 quid
1153 2764 1481 2829 omisisset
1525 2764 1698 2828 inter
1734 2764 2278 2849 expugnationem
2316 2769 2509 2848 atque
2556 2765 2762 2850 direp-

421 2870 664 2937 tionem
707 2872 972 2956 patriae.
1048 2871 1294 2949 Quibus
1339 2893 1460 2935 nos
1507 2858 1849 2955 propterea
1896 2872 1993 2934 uti
2035 2892 2225 2954 posse
2264 2871 2563 2958 arbitror,
2610 2872 2764 2956 quia

422 2984 487 3044 et
531 2980 972 3065 interrogatur
1017 2984 1082 3044 et
1128 2979 1552 3063 respondetur
1597 3001 1632 3041 e
1679 3000 1855 3042 more
1896 2976 2229 3062 Stilponis,
2276 2982 2349 3041 ut
2397 2978 2651 3062 saepius
2693 2980 2761 3043 in

421 3087 662 3152 talibus
710 3086 1276 3172 apophthegmatis
1323 3085 1568 3170 aliquid
1603 3085 1740 3150 veri
1777 3085 1952 3149 latet.
2027 3084 2246 3150 Habes
2285 3085 2456 3149 enim
2493 3087 2760 3151 eandem

421 3193 863 3278 interrogandi
919 3193 1237 3258 rationem
1249 3190 1301 3279 ¹)
1360 3190 1617 3276 qualem
1663 3190 1786 3254 hoc
1832 3190 1974 3274 ipso
2020 3190 2163 3255 loco
2212 3190 2288 3254 de
2334 3191 2553 3277 exilio,
2610 3216 2760 3277 qua-

421 3300 549 3364 lem
623 3338 705 3347 -——
782 3324 821 3365 a
883 3300 1087 3365 Bione
1150 3298 1345 3383 paulo
1411 3301 1789 3361 exornatam
1856 3332 1936 3342 —·
2005 3296 2082 3360 de
2145 3302 2524 3381 paupertate
2590 3301 2761 3384 apud

421 3408 707 3473 Teletem
761 3432 820 3493 p.
868 3410 928 3493 4,
961 3411 995 3472 7
1054 3405 1164 3494 (cf.
1211 3406 1455 3470 Weber
1509 3428 1570 3488 p.
1622 3404 1805 3488 165);
1861 3403 2033 3467 inter
2077 3426 2153 3468 ea
2196 3409 2413 3469 autem
2460 3428 2622 3490 quae
2668 3430 2761 3471 re-

421 3516 696 3599 spondet
761 3502 970 3600 Stilpo
1035 3536 1286 3598 semper
1348 3512 1619 3577 redeunt
1683 3510 1812 3575 tria
1874 3510 1987 3575 illa
2050 3512 2319 3576 παιδεία
2382 3514 2577 3595 λόγος
2632 3512 2761 3579 ἐπι-

422 3624 630 3707 στήμη
699 3622 830 3687 sive
897 3622 1114 3687 omnia
1175 3618 1422 3707 (Laert.
1490 3618 1681 3703 Diog.
1726 3618 1819 3703 II,
1873 3617 2025 3705 115)
2090 3618 2223 3682 sive
2290 3618 2545 3703 singula
2610 3616 2761 3705 (τὰν

423 3727 784 3813 ἐπιστάμαν
838 3726 988 3816 (816)
1047 3726 1285 3793 auferri
1339 3748 1530 3811 posse
1591 3729 1790 3810 negat
1848 3725 2019 3808 apud
2073 3724 2239 3789 Plut.
2288 3725 2556 3791 Demetr.
2604 3748 2653 3790 6.
2701 3728 2758 3790 9.

329 3853 338 3859 ’
420 3858 480 3920 p.
505 3837 632 3901 893
661 3838 733 3902 de
769 3841 1012 3918 tranqu.
1041 3838 1242 3901 animi
1280 3857 1327 3898 6.
1355 3836 1433 3900 17
1473 3856 1533 3918 p.
1553 3834 1687 3898 475
1700 3830 1752 3920 2)
1783 3836 1974 3917 atque
2002 3832 2073 3897 in
2102 3832 2392 3898 oratione
2420 3832 2761 3898 Themistii

566 4049 620 4116 1)
657 4045 820 4100 'Nova
865 4045 1046 4099 forma
1089 4045 1291 4099 induta
1336 4047 1423 4099 est
1470 4062 1558 4115 ap.
1603 4045 1787 4100 Laert.
1834 4043 1996 4114 Diog.
2043 4045 2110 4113 Π,
2160 4050 2261 4097 115
2306 4043 2393 4100 ὅτι
2433 4043 2530 4098 καὶ
2566 4046 2761 4114 βουλο-

423 4132 570 4209 μένῳ
615 4132 752 4205 παρ’
800 4136 973 4189 αὐτοῦ
1016 4142 1145 4187 τῶν
1193 4132 1637 4187 ἀπολωλότων
1684 4132 2095 4201 ἀναγραφὴν
2144 4134 2334 4205 λαβεῖν
2383 4131 2491 4202 ἔφη
2538 4149 2585 4188 e.
2624 4151 2676 4201 q.
2716 4152 2760 4189 8.

566 4228 622 4295 2)
660 4224 867 4280 Contra
911 4223 1014 4293 τὴν
1061 4220 1267 4294 ἀρετήν
1312 4222 1483 4277 infert
1527 4221 1861 4277 Plutarchus
1909 4224 1987 4276 de.
2036 4224 2127 4275 lib.
2174 4224 2324 4276 educ.
2372 4238 2416 4275 6.
2465 4227 2497 4274 8
2543 4240 2597 4290 p.
2647 4227 2678 4274 5
2717 4222 2760 4275 F

422 4314 522 4367 ubi
577 4312 800 4368 omnino
857 4311 1132 4367 rhetorice
1188 4311 1457 4364 exornata
1510 4328 1598 4364 res
1655 4312 1743 4363 est
1796 4309 2056 4379 (πόλεμος
2100 4309 2205 4379 γὰρ
2254 4311 2320 4364 οὐ
2369 4313 2771 4389 λαφυραγωγεῖ

423 4402 555 4471 ἀρετ
527 4401 652 4473 τήν)
691 4403 759 4457 cf.
799 4402 992 4457 Gnom.
1031 4400 1212 4455 Vatic.
1252 4418 1305 4453 n.
1346 4404 1448 4452 515
1485 4398 1539 4452 b.
1572 4430 1636 4439 —
1667 4398 1892 4451 Nullius
1920 4398 2189 4452 momenti
2219 4400 2349 4453 sunt
2376 4414 2521 4466 quae
2550 4400 2762 4454 Seneca

422 4494 616 4543 narrat
651 4508 738 4560 ep.
777 4496 826 4558 9,
857 4497 949 4560 183
988 4490 1121 4546 dial.
1160 4490 1227 4557 II,
1267 4493 1316 4557 6,
1349 4495 1395 4542 1.
