3309 5167
530 522 868 606 utriusque
915 522 1042 589 loci
1091 523 1404 607 quaedam
1445 522 1689 588 habent
1727 519 1842 588 illa
1877 522 2044 588 Max.
2074 523 2222 608 Tyr.
2254 524 2449 588 verba
2476 522 2620 606 VII,
2650 522 2718 586 9:
2764 520 2874 587 καὶ

532 632 886 712 γεγόνασιν
933 631 1008 697 αἱ
1057 631 1235 718 παρὰ
1287 638 1422 713 τῆς
1473 631 1710 714 τύχης
1757 628 2095 717 συμφοραὶ
2140 632 2333 716 πρὸς
2388 631 2875 715 φιλοσοφίαν

533 734 830 821 ἐφόδια.
895 736 1190 823 Denique
1223 736 1350 801 huc
1375 735 1705 821 perlinent
1731 738 1929 802 verba
1954 736 2087 822 illa,
2125 759 2287 823 quae
2318 735 2627 821 exemplis
2657 758 2873 803 rerum

531 842 922 929 scri-pizorum
969 844 1037 909 in
1083 842 1276 911 exilio
1323 842 1802 912 conficientium
1848 866 2045 928 opera
2090 844 2271 911 addit
2314 843 2717 909 Plutarchus,

709 952 768 1016 3.
838 950 942 1015 Ad
997 950 1197 1017 animi
1251 949 1793 1036 tranquillitabem
1848 950 2195 1016 sanitassem
2250 948 2537 1034 corporis
2582 988 2657 997 -—
2708 946 2873 1015 illud

529 1058 772 1142 ὁμοίως
818 1060 997 1125 ἔστιν
1053 1055 1158 1124 ἐπὶ
1206 1056 1395 1141 ξένης
1432 1060 1592 1125 ὄντα
1628 1058 1960 1141 ὑγιαίνειν
1994 1056 2105 1123 καὶ
2144 1057 2399 1143 ἰσχύειν
2414 1055 2461 1141 1)
2502 1107 2518 1122 .
2550 1106 2565 1123 .
2603 1056 2644 1141 ἢ
2685 1056 2757 1123 ἐν
2793 1068 2874 1144 τῇ

530 1166 670 1253 ἰδίᾳ
715 1163 998 1249 μένοντα
1045 1165 1176 1231 iam
1221 1164 1292 1231 in
1334 1163 1685 1249 Slailponeis
1733 1164 2009 1251 legimus
2054 1202 2130 1213 -—
2173 1164 2353 1230 addit
2398 1164 2511 1229 ille
2555 1164 2670 1249 qui
2716 1163 2873 1231 dicit

531 1269 769 1359 (Epict.
801 1272 948 1339 diss.
979 1272 1092 1357 IV,
1126 1274 1228 1357 11,
1257 1274 1372 1357 233
1411 1272 1485 1337 cf.
1516 1294 1679 1357 quae
1708 1273 1785 1336 de
1813 1271 2107 1359 Diogene
2134 1275 2357 1337 narrat
2384 1270 2511 1337 Dio
2542 1269 2873 1357 Chrysost.

529 1400 618 1443 or.
650 1378 745 1445 VI
772 1402 830 1463 p.
861 1382 992 1445 200
1010 1376 1124 1465 R):
1168 1377 1405 1462 Ἴδετε,
1450 1375 1501 1445 ὦ
1540 1380 1921 1465 ἄνθρωποι,
1967 1380 2070 1445 ὅτι
2106 1374 2307 1445 οὐδὲν
2346 1380 2650 1464 ἔχω,,ὅτι
2688 1380 2876 1446 οὐδε-

528 1488 646 1563 νὸς
701 1483 958 1571 δέομαι·
1021 1487 1192 1553 ἴδετε
1245 1496 1386 1564 πῶς
1437 1487 1663 1564 ἄοικος
1718 1486 1813 1553 ὢν
1868 1484 1978 1553 καὶ
2029 1488 2265 1563 ἄπολις
2317 1484 2427 1551 καὶ
2482 1488 2737 1572 φυγὰς
2790 1486 2875 1553 ἂν

529 1593 704 1660 οὕτω
749 1596 912 1680 τύχῃ
955 1593 1066 1661 καὶ
1113 1592 1414 1672 ἀνέστιος
1465 1594 1735 1662 πάντων
1788 1606 1922 1660 τῶν
1978 1594 2471 1680 εὐπατριδῶν
2519 1590 2629 1659 καὶ
2674 1600 2875 1661 πλου-

531 1704 696 1767 σίων
751 1701 1346 1788 ἀταραχώτερον
1403 1701 1646 1784 διάγω
1692 1699 1819 1767 καὶ
1868 1700 2463 1789 εὐρρούστερον.
2546 1700 2712 1767 ἀλλὰ
2766 1699 2877 1767 καὶ

527 1810 610 1874 τὸ
651 1808 1040 1893 σωμάτιον
1079 1809 1270 1895 ὁρᾶτε
1317 1809 1417 1874 ὅτι
1457 1810 1538 1874 οὐ
1572 1818 1887 1874 κακοῦται
1924 1808 2053 1874 ὑπὸ
2090 1806 2209 1892 τῆς
2245 1808 2576 1894 αὐστηρᾶς
2604 1810 2878 1893 διαίτης,

530 1938 692 2000 quae
748 1917 824 1980 de
879 1916 1060 1981 tenui
1113 1917 1289 1981 viciau
1344 1916 1644 1982 dicuntur
1700 1914 1768 1980 in
1821 1914 2222 1981 Musonianis
2274 1914 2400 2003 (ap.
2446 1909 2643 1981 Olem.
2693 1916 2873 1982 Alex.

528 2021 714 2087 Paed.
751 2022 835 2108 II,
862 2023 905 2088 5
940 2046 1000 2107 p.
1041 2024 1162 2089 166
1182 2023 1260 2109 P3
1308 2024 1384 2089 cf.
1413 2022 1780 2087 Wendland
1817 2028 2040 2105 quaest.
2073 2022 2323 2089 Muson.
2361 2046 2421 2107 p.
2444 2020 2585 2111 27):
2632 2024 2703 2090 οί
2734 2035 2879 2101 ταῖς

531 2130 1017 2207 εὐτελεστάταις
1051 2131 1376 2217 χρώμενοι
1415 2141 1697 2217 τροφαῖς
1733 2130 1816 2195 οὐ
1844 2132 2053 2214 μόνον
2082 2130 2672 2218 ῥωμαλεώτεροι
2710 2130 2877 2197 ἀλλὰ

529 2233 638 2314 καὶ
689 2240 1270 2326 φρονιμώτεροι
1327 2238 1417 2314 ὡς
1463 2240 1826 2323 φιλόσοφοι
1872 2241 2241 2321 πλουσίων,
2296 2237 2371 2301 ad
2420 2236 2624 2303 vitam
2669 2236 2877 2322 magis

531 2368 726 2429 quam
771 2345 851 2410 ad
895 2344 1377 2428 philosophiam
1423 2344 1791 2409 referuntur
1836 2343 1905 2409 in
1948 2343 2105 2409 Hor.
2146 2343 2276 2409 Sat.
2312 2344 2413 2430 II‚·
2434 2347 2495 2430 2,
2528 2346 2611 2410 70
2630 2366 2824 2429 sqq.:-
2863 2388 2874 2395 -

823 2453 1048 2535 Accipe
1091 2474 1258 2519 nunc
1301 2454 1492 2518 victus
1537 2453 1737 2517 tenuis
1780 2472 1937 2534 quae
1979 2458 2329 2535 quantaque
2370 2473 2573 2517 secum

822 2559 1104 2640 Adferat.
1177 2557 1264 2623 In
1305 2558 1540 2641 primis
1581 2558 1835 2623 valeas
1878 2558 2061 2623 bene.
2118 2609 2131 2622 .
2224 2609 2236 2622 .
2328 2608 2344 2623 .
2435 2609 2448 2622 .

824 2714 1583 2729 ........
1688 2665 1856 2746 Quin
1900 2685 2121 2749 corpus
2165 2670 2453 2731 onustum

825 2773 1149 2839 Hesternis
1194 2774 1363 2838 vitiis
1407 2773 1735 2837 animum
1781 2793 2015 2855 quoque
2045 2778 2427 2856 praeyravat
2468 2795 2617 2838 una.

814 2987 994 3053 Alter
1036 2988 1144 3053 ubi
1188 2990 1344 3053 dicto
1389 2988 1569 3053 citius
1613 2992 1835 3053 curata
1878 2988 2086 3069 sopori

816 3095 1104 3160 Membra
1149 3096 1336 3179 dedit,
1381 3100 1616 3178 veyetus
1651 3095 2036 3177 praescripta
2081 3096 2168 3159 ad
2208 3075 2430 3159 παππία
2474 3096 2689 3177 suryit.

709 3200 956 3277 Quibus
1002 3199 1162 3265 locis
1212 3223 1357 3265 cum
1403 3200 1469 3264 id
1515 3222 1910 3285 moneamur,
1957 3204 2031 3265 uf,
2078 3222 2489 3284 quascunque
2535 3223 2637 3265 res
2682 3223 2870 3286 quam

534 3306 776 3391 optime
823 3306 1228 3393 accipiamus,
1275 3307 1418 3373 aliis
1467 3307 1827 3393 exponissur,
1874 3310 2323 3393 pauperssabem
2368 3312 2563 3394 abque
2612 3308 2874 3372 exilium

534 3436 759 3478 eorum
803 3437 1014 3479 mores
1072 3414 1392 3500 corrigere
1447 3415 1552 3480 vel
1595 3437 1729 3480 non
1773 3414 2156 3500 volentium,
2221 3436 2497 3499 quorum
2542 3415 2735 3480 nimis
2784 3415 2877 3479 in-

532 3521 964 3586 veizeraverint
1017 3520 1190 3587 vilia.
1286 3519 1665 3606 Complures
1720 3521 1923 3607 igilur
1978 3519 2217 3585 dixisse
2272 3520 2570 3586 feruntur
2616 3519 2873 3609 (Gno'm.

534 3626 743 3693 Vatic.
790 3628 882 3694 ed.
932 3627 1184 3693 Sssernb.
1233 3629 1474 3710 [Wien.
1511 3632 1670 3694 stud.
1716 3628 1838 3710 XI]
1888 3650 1949 3692 n.
1988 3625 2151 3715 414)
2210 3627 2333 3710 τὴν
2388 3632 2627 3693 πενίαν
2682 3627 2876 3693 αὐτο-

535 3734 848 3800 δίδακτον
893 3738 1302 3820 φιλοσοφίαν
1349 3730 1548 3800 εἶναι·
1597 3735 1681 3819 ,,ὃὶ
1718 3736 1843 3820 γὰρ
1884 3734 2098 3817 ἐκείνη
2136 3746 2276 3811 τοῖς
2313 3737 2537 3817 λόγοις
2579 3738 2876 3819 πείθει,

533 3841 698 3924 αὕτη
735 3852 878 3919 τοῖς
925 3844 1143 3929 ἔργοις
1187 3841 1666 3925 ἀναγκάζειίζ.
1744 3832 1994 3907 Similia
2038 3842 2343 3928 legunlzur
2382 3843 2552 3927 apud
2588 3842 2877 3907 Telelem

531 3971 590 4032 p.
631 3950 735 4033 34,
783 3951 884 4013 10:
950 3947 990 4033 ἢ
1047 3949 1167 4034 οὐχ
1225 3950 1385 4037 ὁρᾷς
1439 3948 1540 4014 ὅτι
1597 3951 1710 4014 διὰ
1765 3945 1887 4034 μὲν
1936 3950 2253 4015 ἔνδειαν
2305 3960 2649 4036 καρτερεῖν
2705 3951 2877 4034 βιά-

535 4059 829 4140 ζονται,
890 4057 1000 4121 διὰ
1057 4053 1131 4122 δὲ
1183 4062 1476 4124 πλοῦτον
1530 4058 1609 4121 τὰ
1678 4056 1972 4141 ἐναντία,
2036 4060 2103 4121 et
2157 4055 2287 4123 iam
2344 4057 2464 4123 sub
2519 4056 2872 4124 Democrilzi

678 4323 731 4390 1)
760 4321 918 4375 Duae
945 4323 1054 4377 hae
1080 4321 1338 4376 noffiones
1366 4321 1513 4376 inber
1549 4339 1609 4376 se
1637 4320 1969 4376 coniunctae
1999 4320 2171 4376 etiam
2208 4322 2473 4389 leguntur
2500 4320 2652 4390 apud
2686 4337 2876 4375 recen-

533 4409 706 4463 tiores
743 4410 1058 4480 scripfiore3‚
1097 4411 1254 4466 velut
1290 4411 1349 4465 in
1385 4412 1553 4467 Clem.
1585 4411 1745 4466 Alex.
1774 4410 1943 4466 Paed.
1975 4410 2047 4481 II,
2074 4419 2105 4465 2
2142 4429 2196 4479 p.
2229 4415 2330 4463 163
2349 4409 2419 4478 P3
2456 4411 2525 4478 II,
2564 4415 2595 4463 5
2633 4428 2687 4479 p.
2721 4408 2878 4465 166P

535 4498 628 4569 (cf.
656 4498 877 4553 Wendl.
916 4518 970 4569 p.
1001 4504 1108 4569 27).
