3309 5167
1473 332 1899 397 -88-

514 522 676 586 quae
719 498 1028 585 legtmtur
1063 517 1128 562 π.
1167 494 1404 579 εὐθυμ.
1443 514 1490 557 ο.
1531 494 1590 557 6.
1607 490 1654 578 ¹)
1730 490 1999 557 Accedit
2036 492 2209 578 quod
2254 491 2510 557 eaedem
2557 497 2689 558 tres
2736 492 2858 559 vir-

512 613 686 673 tutes
744 606 1328 671 commemoramur
1382 599 1616 686 quibus
1666 598 1888 665 Aristo
1936 622 2001 665 π.
2040 598 2276 684 εὐθυμ.
2316 622 2363 664 ο.
2407 602 2484 665 11
2533 600 2858 666 Pittacum

514 718 807 781 exornat:
865 710 1392 798 φιλοξενώτατον
1447 705 1619 772 enim
1664 704 1952 771 iustitiae
1998 707 2383 791 respondere
2431 729 2778 793 cognoscas
2826 731 2859 772 e

517 822 658 887 Sen.
689 844 784 905 ep.
804 821 918 904 94,
955 821 1052 903 11,
1089 816 1204 882 ubi
1239 815 1428 881 illud:
1473 816 1562 880 sic
1595 816 1797 880 amico
1832 819 2014 899 utere,
2050 817 2138 881 sic
2172 816 2312 899 cive,
2346 816 2437 881 sic
2471 816 2629 881 socio
2674 814 2857 883 illum

515 930 594 994 de
639 925 954 993 iustitia
998 925 1212 990 locum
1257 922 1509 988 tradere
1557 920 1730 986 dicit.

694 1036 753 1100 2.
802 1031 967 1098 Cum
1001 1031 1129 1116 ΜΒ,
1162 1053 1324 1115 quae
1353 1027 1907 1115 perlustravimus,
1946 1027 2321 1113 exemplis
2360 1028 2699 1113 praecipue
2727 1051 2862 1093 rem

518 1140 625 1227 agi
669 1139 1047 1224 viderimus,
1095 1161 1244 1222 cap.
1279 1139 1358 1202 11
1418 1140 1731 1220 perpetuo
1778 1157 2073 1200 sermone
2120 1134 2489 1221 exponitur,
2536 1135 2607 1200 in
2652 1136 2865 1201 insula

520 1248 728 1313 multo
794 1245 1178 1332 quietiorem
1241 1242 1444 1308 vitam
1509 1263 1698 1327 agere
1765 1264 1885 1307 nos
1940 1264 2157 1327 posse,
2221 1265 2415 1327 quam
2470 1242 2653 1328 alibi,
2720 1267 2865 1309 cum

519 1378 652 1421 non
697 1352 982 1419 amoenis
1031 1352 1222 1416 rebus
1271 1372 1485 1415 carere
1528 1350 1891 1414 debeamus,
1967 1349 2174 1426 Quam
2218 1350 2609 1416 sententiam
2644 1352 2865 1435 paucis

520 1462 734 1529 verbis
809 1481 1177 1544 expressam
1240 1456 1518 1524 vidimus
1585 1456 1654 1520 in
1717 1455 2201 1521 narratiuncula
2267 1455 2383 1521 illa
2444 1458 2521 1523 de
2588 1456 2865 1523 Cratetis

521 1574 588 1635 et
641 1566 958 1633 Demetrii
1020 1564 1316 1631 Phalerei
1390 1563 1741 1648 colloquio,
1805 1562 1920 1628 ubi
1981 1563 2406 1649 philosophus
2472 1566 2870 1652 adhortatur,

523 1678 611 1756 ὡς
667 1671 867 1741 οὐδὲν
923 1676 1059 1758 ἔχοι
1115 1674 1318 1738 κακὸν
1365 1669 1511 1737 οὐδ’
1563 1670 1751 1749 ἄξιον
1806 1668 2039 1757 φέρειν
2094 1670 2347 1759 βαρέως
2400 1673 2873 1760 πραγμάτων

524 1790 939 1871 σφαλερῶν
991 1777 1120 1846 καὶ
1181 1779 1577 1864 ἀβεβαίων
1640 1777 2274 1863 ἀπηλλαγμένον,
2337 1779 2438 1844 vir
2492 1785 2709 1845 autem
2761 1780 2872 1846 ille

451 1950 460 1961 .
523 1890 746 1957 amicis
787 1888 970 1954 dicit:
1018 1894 1166 1973 φεῦ
1202 1897 1355 1952 τῶν
1391 1884 1746 1973 πράξεων
1784 1884 2107 1951 ἐκείνων
2144 1883 2269 1952 καὶ
2309 1886 2729 1973 ἀσχολιῶν,
2776 1887 2868 1954 δι’

525 2000 604 2076 ἃς
649 1999 862 2083 ἄνδρα
906 2003 1215 2061 τοιοῦτον
1261 1993 1382 2059 οὐκ
1429 1995 1741 2077 ἔγνωμεν.
1822 1992 2003 2057 Idem
2050 1993 2126 2057 de
2170 1994 2562 2078 pauperibus
2610 2000 2675 2059 et
2719 1994 2877 2062 divi-

525 2106 702 2171 tibus
733 2102 892 2169 dicit
917 2101 1102 2168 Teles
1131 2124 1189 2185 p.
1214 2101 1316 2186 35,
1345 2102 1414 2165 2:
1459 2098 1500 2183 ἣ
1537 2099 1741 2165 πάλιν
1780 2100 1898 2184 οὐχ
1940 2101 2129 2187 ὁρᾷς,
2168 2102 2339 2166 δίοτι
2377 2103 2447 2166 οί
2479 2098 2601 2185 μὲν
2638 2103 2877 2167 πλού-

526 2231 686 2279 σιοι
722 2214 962 2277 πλείω
999 2208 1477 2296 πράττοντες
1511 2208 1881 2273 κωλύονται
1917 2216 2039 2272 τοῦ
2068 2208 2425 2293 σχολάζειν,
2463 2208 2498 2275 6
2530 2205 2603 2273 δὲ
2638 2206 2880 2292 πένης

527 2319 666 2385 οὐκ
731 2320 927 2402 ἔχων
991 2319 1068 2381 τί
1125 2315 1450 2401 πράττει
1510 2316 1677 2400 πρὸς
1740 2316 1814 2380 τὸ
1880 2320 2279 2399 φιλοσοφεῖν
2341 2319 2623 2398 γίνεται,
2686 2320 2881 2400 atque

528 2427 699 2492 idem
760 2427 988 2490 nostro
1054 2422 1198 2487 loco
1261 2421 1749 2486 narratiuncula
1812 2421 1927 2486 illa
1989 2422 2066 2485 de
2130 2422 2385 2486 Zenone
2460 2422 2879 2507 significatur.

527 2531 961 2616 Principalem
1017 2528 1209 2594 huius
1258 2528 1487 2613 capitis
1537 2528 1929 2594 sententiam
1975 2528 2172 2592 etiam
2217 2528 2289 2593 in
2330 2528 2541 2613 Epict.
2580 2530 2729 2595 diss.
2768 2531 2881 2615 IV,

531 2643 591 2725 4,
612 2640 698 2705 26
724 2637 1110 2721 invenimus,
1147 2639 1223 2700 ut
1259 2634 1436 2700 illius
1465 2657 1530 2701 π.
1560 2635 1963 2721 πραγμάτων
1990 2638 2195 2719 λόγου
2231 2636 2470 2701 rationi
2498 2638 2883 2721 respondere

529 2747 852 2831 videatur3
910 2743 1024 2809 ubi
1076 2747 1425 2827 postquam
1471 2746 1509 2824 ἓ
1547 2742 1634 2808 25
1681 2741 1997 2809 admoniti
2051 2766 2273 2810 sumus
2328 2744 2445 2810 sic:
2501 2745 2588 2829 μὴ
2644 2749 2882 2828 γίγνου

533 2854 936 2939 δυσάρεστος
981 2847 1147 2936 μηδὲ
1191 2853 1681 2935 κακοστόμαχος
1724 2851 1891 2936 πρὸς
1934 2851 2015 2915 τὰ
2060 2853 2453 2936 γιγνόμενα,
2508 2852 2566 2917 si
2611 2852 2881 2917 dicimus

532 2960 778 3046 σχολὴν
815 2959 896 3024 οὐ
933 2957 1147 3041 θέλω,
1194 2956 1428 3043 ἐρημία
1470 2955 1678 3022 ἐστίν·
1727 2959 1928 3041 ὄχλον
1965 2956 2047 3023 οὐ
2084 2956 2295 3042 θέλω,
2341 2961 2637 3046 θόρυβός
2684 2959 2879 3044 ἐστιν,

534 3069 612 3132 de
651 3065 925 3151 singulis
965 3066 1284 3149 docemur,
1320 3064 1500 3129 velut
1537 3064 1614 3129 de
1653 3070 1881 3149 σχολῇε
1929 3062 2071 3131 ἀλλ’
2108 3062 2193 3130 ἂν
2229 3060 2351 3149 μὲν
2388 3065 2560 3131 οὕτω
2598 3064 2769 3153 φέρῃ
2802 3067 2879 3131 τὰ

677 3314 728 3382 1)
747 3312 956 3367 Heinze
985 3312 1058 3365 ab
1086 3310 1346 3366 Aristone
1386 3311 1525 3365 haec
1554 3310 1881 3365 abiudicare
1906 3310 2132 3366 videtur
2160 3314 2235 3381 (p.
2254 3314 2380 3383 499)
2412 3330 2537 3366 cum
2567 3312 2749 3370 dicat:
2791 3312 2886 3382 „in

535 3402 664 3473 περὶ
694 3403 970 3471 εὐθυμίας
1006 3400 1147 3454 wird
1179 3397 1549 3470 ungeschickt
1576 3416 1766 3470 genug
1793 3399 1900 3454 mit
1928 3400 2037 3455 den
2064 3404 2275 3455 worten
2313 3402 2403 3455 διὸ
2432 3400 2530 3456 καὶ
2556 3410 2719 3457 τοῦτο
2747 3403 2886 3473 πρὸς

537 3487 822 3559 εὐθυμίαν
868 3487 1009 3559 μέγα
1055 3488 1148 3543 ein
1192 3489 1506 3543 bekannter
1551 3488 1723 3551 τόπος
1768 3489 1867 3543 der
1914 3489 2323 3544 consolationes
2362 3491 2734 3561 angekm'ipft:
2792 3491 2887 3545 bei

537 3578 992 3649 unglficksfallen
1012 3578 1150 3632 solle
1169 3595 1302 3631 man
1321 3577 1441 3631 sich
1460 3578 1748 3647 umsehen,
1778 3578 1849 3632 ob
1880 3577 2167 3633 dieselben
2193 3579 2352 3634 nicht
2382 3581 2526 3635 auch
2554 3581 2889 3635 berfihmten

535 3673 806 3721 m‘annem
850 3667 1132 3736 begegnet
1179 3664 1356 3734 scien,
1414 3665 1557 3719 ohne
1611 3666 1764 3720 ihrer
1810 3667 2057 3737 steUung
2103 3667 2238 3722 oder
2291 3668 2469 3723 ihrem
2517 3669 2763 3723 ansehen
2819 3688 2888 3723 zu

538 3758 836 3811 schaden.“
911 3755 1013 3811 Oui
1061 3753 1372 3823 adsentior,
1424 3771 1536 3808 non
1583 3756 1716 3823 apte
1754 3756 1894 3809 haec
1931 3756 2079 3811 inter
2116 3774 2177 3811 se
2214 3756 2513 3812 coniuncta
2550 3774 2697 3827 esse,
2743 3776 2889 3827 quae

537 3865 567 3901 e
605 3844 842 3900 diversis
880 3844 1019 3899 locis
1065 3842 1304 3913 sumpsit
1349 3842 1709 3899 Plutarchus:
1759 3845 1858 3898 sed
1895 3862 1993 3899 cur
2028 3862 2141 3900 non
2187 3849 2425 3916 possunt
2458 3846 2632 3901 fuisse
2677 3847 2739 3901 hi
2778 3848 2887 3902 duo

537 3932 814 3988 Aristonis
850 3931 997 3986 loci?
1061 3932 1126 3985 In
1162 3930 1278 3984 illis
1316 3930 1465 3984 enim
1502 3930 1771 4001 exemplis
1812 3932 2034 3988 diversa
2070 3933 2218 3989 inter
2254 3951 2312 3989 se
2348 3933 2529 3989 mixta
2564 3938 2719 3993 sunt:
2756 3954 2889 3991 nam

537 4023 694 4077 aliud
732 4024 841 4090 est,
879 4020 1071 4075 videre
1107 4036 1242 4074 num
1277 4020 1418 4075 clari
1454 4019 1562 4075 viri
1600 4020 1795 4090 aliqua
1828 4040 1889 4077 re
1928 4023 2126 4078 afflicti
2166 4024 2302 4093 sint,
2342 4024 2515 4094 aliud,
2554 4042 2889 4096 cognoscere

537 4129 650 4166 non
695 4109 1091 4165 claritudinem
1136 4110 1466 4164 obscurasse
1511 4111 1617 4165 hoc
1662 4112 1757 4165 vel
1802 4111 1969 4168 illud:
2026 4113 2131 4167 hoc
2180 4116 2368 4168 autem
2412 4116 2729 4169 nostrorum
2763 4133 2889 4185 pro-

536 4202 723 4271 prium
767 4199 941 4255 fuisse
977 4198 1227 4269 videtur,
1275 4200 1533 4268 quamvis
1575 4217 1867 4255 commune
1904 4201 2076 4256 fuerit
2110 4201 2278 4257 illud:
2327 4202 2395 4257 cf.
2438 4202 2611 4257 etiam
2648 4205 2746 4259 καὶ
2791 4202 2890 4267 τίς

538 4290 619 4344 ἂν
659 4285 944 4361 ἐβούλου
983 4286 1167 4345 εἶναι
1203 4293 1454 4359 μᾶλλον
1502 4294 1760 4344 Βοιωτῶν
1802 4286 1836 4358 ἢ
1870 4288 2325 4361 Ἐπαμινώνδας;
2377 4294 2435 4345 et
2477 4312 2535 4347 π.
2574 4313 2707 4362 φυγ.
2744 4312 2791 4348 ο.
2823 4298 2889 4346 15

536 4399 593 4449 p.
623 4383 752 4434 605:
802 4377 899 4431 καὶ
945 4380 1130 4441 οὐδείς
1165 4373 1314 4433 ἐστιν
1353 4378 1526 4442 οὕτως
1562 4380 1892 4450 ἀφιλότιμος
1928 4379 2055 4436 οὐδ’
2096 4379 2363 4449 ἀγεννής,
2412 4378 2480 4442 ὃς
2516 4386 2770 4451 μᾶλλον
2806 4380 2889 4436 ἂν

540 4464 857 4540 ἐβούλετο
894 4465 1192 4540 Λεωβάτης
1227 4466 1256 4522 ὁ
1294 4466 1659 4539 γραψάμενος
1694 4465 1729 4537 ἢ
1772 4471 2143 4539 Θεμιστοκλῆς
2180 4468 2209 4523 6
2248 4469 2637 4538 φυγαδευθεὶς
2684 4468 2885 4526 εἶναι.
