3309 5167
1343 347 1645 410 -121
1750 382 1823 391 —

515 502 888 571 θεατρικός
925 508 1006 557 12.
1039 508 1122 557 34.
1149 508 1222 576 ι65
1253 503 1380 558 adn.
1413 510 1444 556 2
1490 499 1834 576 τραγῳδία
1875 508 1941 557 70
1988 500 2427 571 θρασυτάτου
2475 502 2754 557 Theodori

515 591 823 662 discipulus
863 598 930 645 16
969 624 1036 632 ——
1076 610 1292 647 sermo
1340 592 1699 662 describitur,
1757 610 1884 647 cum
1931 592 2219 663 Stilponeo
2265 594 2622 661 comparatur
2659 598 2755 648 21:

515 682 956 736 cumulantur
1001 682 1174 735 verba
1211 688 1296 737 30.
1327 687 1409 736 39.
1441 687 1527 737 45.
1559 688 1661 737 118
1692 683 1819 737 adn.
1875 682 2264 737 fabularum
2314 680 2658 751 argumentis
2696 683 2755 734 et

509 770 762 841 personis
793 770 969 825 utitur
1000 776 1080 826 70.
1106 776 1187 826 75.
1219 776 1285 825 87
1324 772 1624 825 membra
1664 770 1936 826 orationis
1975 774 2233 826 accurate
2266 770 2413 825 inter
2442 788 2499 824 se
2526 787 2752 840 respon-

516 860 652 915 dent
679 867 748 913 44
769 860 897 915 adn.
930 866 1012 916 46.
1047 865 1111 915 67
1135 861 1263 915 adn.
1305 858 1513 930 ὄρα-
1535 860 1729 930 ἡμεῖς
1758 862 1833 914 16'
1864 876 1990 913 cum
2017 876 2311 929 persona
2336 859 2557 929 tragica
2585 858 2753 913 collo-

515 950 706 1019 quitur
735 956 802 1003 33
840 966 1153 1004 versuum
1181 948 1468 1019 Euripidis
1504 950 1997 1018 παραδιορθώσεις
2026 954 2092 1003 70
2138 948 2455 1003 versibus
2494 948 2756 1019 adiungit

517 1038 853 1094 sententiam
891 1044 956 1093 38
997 1070 1064 1078 —
1112 1039 1324 1092 verba
1371 1038 1608 1113 Bioneaz
1668 1036 1961 1111 ἀβελτερία
2006 1036 2320 1109 γλιχόμενοι
2366 1045 2433 1091 44
2490 1040 2755 1093 δεινοπα-

517 1132 648 1183 &etv
683 1134 752 1182 46
791 1128 1041 1196 νοσώδης
1077 1124 1346 1197 ὑγιαίνων
1385 1133 1452 1181 83

410 1236 536 1274 cum
565 1217 845 1275 Bioneis
873 1216 1170 1272 cohaerere
1197 1216 1464 1271 videntur
1491 1216 1683 1286 aliquo
1711 1216 1877 1270 modo
1907 1216 1961 1269 ei
1989 1215 2193 1285 quibus
2221 1216 2282 1270 in
2310 1218 2491 1273 indice
2518 1218 2756 1272 locorum

348 1309 352 1313 ’
515 1315 870 1363 tractatorum
906 1310 942 1373 †
981 1304 1238 1359 additum
1277 1308 1364 1360 est
1399 1305 1526 1361 loci.

408 1396 609 1451 Bruti
646 1396 744 1466 qui
778 1395 891 1451 fuit
929 1398 992 1451 de
1027 1398 1227 1451 virtute
1264 1395 1492 1449 libellus
1531 1412 1566 1449 a
1605 1394 1817 1451 Seneca
1853 1395 2118 1449 laudatur
2155 1400 2238 1449 55.
2280 1399 2385 1448 100

411 1486 698 1542 Cadmus
737 1485 915 1540 exulis
953 1486 1270 1555 exemplum
1308 1490 1375 1539 29
2286 1554 2294 1561 .

409 1575 750 1631 caelestia
787 1591 932 1644 quae
971 1574 1216 1644 spectari
1251 1566 1470 1644 possint
1507 1576 1865 1644 opponuntur
1901 1573 2136 1628 terrenis
2176 1578 2277 1627 102

410 1666 687 1720 calceus
724 1664 785 1717 in
823 1663 1288 1719 similitudinibus
1328 1663 1630 1718 adhibetur
1666 1668 1735 1719 85

410 1754 788 1811 Carneadis
827 1750 1240 1827 λιβανωτρίδων
1277 1750 1590 1807 similitudo
1631 1759 1699 1809 99

411 1844 644 1900 Cicero
683 1847 976 1914 poetarum
1010 1845 1389 1898 Romanorum
1425 1858 1618 1897 versus
1655 1842 1878 1913 reponit
1912 1860 2013 1912 pro
2053 1842 2281 1897 Graecis
2319 1848 2404 1897 34.
2437 1848 2538 1896 113
2580 1874 2644 1883 —-
2689 1843 2758 1897 de

515 1934 776 1989 Aristone
794 1933 1009 1987 Herillo
1041 1932 1170 1987 aliis
1198 1932 1552 1987 iudicanti
1581 1931 1671 1986 cui
1691 1932 1829 1987 fides
1849 1931 2128 1986 habeatur
2144 1948 2258 1986 non
2278 1930 2481 2002 dignus
2507 1937 2607 1986 116
2630 1932 2756 1987 adn.

410 2023 784 2079 Clearchus
823 2022 1002 2078 exulis
1041 2022 1357 2091 exemplum
1394 2026 1459 2075 51

411 2112 966 2168 consolationum
1002 2119 1150 2167 certa
1185 2118 1216 2164 2
1240 2129 1320 2179 sq.

412 2203 652 2258 Crates
691 2202 1013 2257 consolatur
1048 2199 1456 2270 Metrodorum,
1502 2200 1851 2255 Demetrium
1888 2207 1935 2255 2.
1977 2205 2045 2255 88
2084 2233 2150 2242 -—
2190 2218 2336 2269 quae
2374 2202 2639 2256 Hercules
2674 2200 2757 2256 in-

519 2292 782 2348 scribitur
807 2290 1104 2362 tragoedia
1133 2298 1200 2345 50
1218 2291 1346 2346 adn.
1385 2290 1761 2360 protrepticus
1790 2307 1957 2359 quem
1986 2290 2211 2360 scripsit
2248 2291 2323 2345 ad
2351 2290 2658 2344 Philiscum
2688 2296 2756 2345 89

519 2414 586 2423 ——
625 2380 742 2436 otio
780 2384 932 2435 recte
968 2380 1178 2435 utentis
1215 2380 1531 2450 exemplum
1571 2385 1639 2434 89

413 2472 736 2528 Cratetea
773 2470 925 2541 apud
952 2470 1272 2525 Aristonem
1310 2476 1377 2525 43
1408 2469 1536 2524 adn.
1567 2474 1598 2523 2
1648 2468 1884 2523 Bionem
1909 2469 2047 2540 (Tel.
2078 2475 2163 2539 28,
2187 2472 2277 2539 12)
2317 2477 2381 2523 42
2404 2487 2485 2538 sq.
2517 2486 2758 2538 —quae

519 2578 607 2630 ap.
638 2559 753 2615 Tel.
782 2579 836 2630 p.
868 2566 952 2629 28,
983 2566 1014 2614 9
1054 2562 1312 2614 servatur
1349 2558 1632 2613 sententia
1672 2564 1738 2613 67
1778 2591 1844 2598 —-
1882 2559 2358 2615 Pseudocratetea
2396 2565 2463 2615 78
2493 2559 2623 2615 adn.

414 2649 682 2704 Cratini
717 2666 863 2718 quae
899 2646 1162 2720 Σερίφιοι
1197 2648 1525 2703 inscribitur
1561 2648 1855 2703 comoedia
1891 2655 1957 2703 82

415 2738 778 2807 culpantes
813 2755 902 2791 res
941 2740 1198 2793 externas
1239 2742 1304 2790 78
1326 2756 1407 2806 sq.

416 2826 653 2896 Cynici
681 2828 751 2881 de
775 2824 1020 2901 ἀδοξίᾳ
1044 2826 1182 2895 quid
1203 2826 1520 2881 censuerint
1539 2831 1606 2881 50
1622 2844 1742 2896 sqq.
1768 2829 2006 2896 (veteres
2024 2826 2217 2896 Cynici
2233 2830 2325 2897 52)
2360 2827 2759 2882 animalium

523 2914 986 2970 similitudinibus
1031 2917 1268 2969 utuntur
1303 2920 1370 2969 45
1419 2914 1519 2983 qui
1564 2916 1830 2969 exulem
1877 2916 2233 2971 consolentur
2276 2919 2499 2987 praeter
2545 2919 2759 2971 ceteros

523 3004 645 3075 apti
684 3012 711 3059 1
735 3022 816 3075 sq.
867 3006 936 3059 de
980 3004 1148 3059 exilio
1186 3004 1323 3073 quid
1360 3004 1682 3059 censuerint
1720 3012 1784 3061 73
1824 3006 2007 3075 (fortis
2044 3005 2105 3060 in
2141 3006 2310 3061 exilio
2351 3009 2439 3077 78)
2486 3006 2556 3060 de
2592 3007 2758 3061 rebus

521 3094 830 3149 externis
861 3100 926 3149 67
951 3112 1028 3163 sq.
1062 3100 1125 3148 71
1168 3094 1260 3164 (de
1288 3096 1620 3164 paupertate
1650 3097 1711 3149 et
1737 3098 2023 3150 senectute
2055 3098 2143 3166 73)
2182 3096 2251 3151 de
2279 3094 2662 3167 ignominia
2690 3102 2757 3150 53

521 3184 591 3238 de
638 3179 847 3257 κακίᾳ
887 3188 969 3238 78.
1002 3189 1068 3238 80
1116 3182 1185 3238 de
1222 3183 1302 3238 eis
1342 3200 1486 3253 quae
1531 3184 1701 3254 volgo
1737 3184 2055 3239 habeantur
2100 3186 2302 3239 malis
2339 3191 2405 3239 99
2455 3185 2759 3239 secundum

519 3275 835 3327 naturam
883 3272 1186 3326 vivendum
1231 3288 1354 3326 esse
1401 3272 1606 3327 docent
1649 3278 1735 3328 44.
1776 3278 1843 3326 99
1889 3272 2337 3329 nobilitatem
2383 3277 2441 3329 et
2484 3274 2757 3345 patriae

519 3362 756 3417 nimium
792 3378 1040 3416 amorem
1076 3360 1324 3415 illudunt
1361 3368 1428 3415 46
1477 3362 1546 3415 de
1582 3361 1824 3417 liberum
1862 3363 2166 3419 orbitate
2204 3364 2341 3433 quid
2378 3363 2653 3419 senserint
2690 3370 2755 3418 51

523 3452 770 3513 deotio
809 3458 875 3506 89
920 3451 989 3505 de
1025 3469 1158 3520 παρ
1173 3448 1372 3525 ρησίᾳ
1410 3455 1477 3503 37
1524 3453 1590 3504 ut
1623 3468 1729 3505 res
1770 3452 2115 3507 cum-verbis
2154 3453 2533 3508 consentirent
2570 3452 2756 3507 stude-

521 3542 664 3595 bant
700 3546 766 3594 65
819 3541 1110 3610 Spartae
1157 3556 1373 3609 semper
1418 3538 1832 3607 quodammodo
1878 3540 2151 3595 favebant
2186 3547 2256 3595 44
2308 3542 2377 3595 de
2422 3558 2615 3596 eorum
2660 3542 2759 3611 qui

521 3632 778 3684 terram
815 3628 1045 3683 exilium
1082 3645 1204 3683 esse
1239 3630 1442 3698 putent
1476 3628 1696 3683 ratione
1734 3628 1871 3698 quid
1908 3628 2225 3685 censuerint
2258 3636 2324 3685 99
2362 3633 2545 3685 terrae
2570 3630 2756 3701 parvi-

523 3719 643 3772 tate
671 3719 736 3771 ut
763 3717 1002 3772 doceant
1026 3719 1262 3773 utuntur
1282 3724 1350 3772 45
1386 3734 1625 3773 versus
1645 3718 1876 3773 Homeri
1904 3718 2142 3774 aliorum
2162 3720 2496 3790 detorquent
2516 3725 2583 3774 70
2611 3720 2759 3775 inter

523 3809 792 3862 veteres
837 3808 896 3861 et
935 3808 1364 3862 recentiores
1401 3807 1637 3877 Cynicos
1678 3825 1957 3877 quaenam
1993 3808 2308 3863 intercedat
2343 3808 2489 3863 ratio
2529 3814 2613 3864 67.
2654 3814 2757 3863 100

417 3894 707 3963 Cynicus
750 3898 1051 3966 respondet
1086 3897 1139 3951 ei
1175 3914 1346 3967 quam
1375 3896 1550 3951 Stoici
1589 3896 1699 3952 sibi
1730 3899 2009 3953 finxerant
2034 3897 2394 3968 perfectionis
2423 3896 2659 3968 imagini
2688 3906 2754 3953 49

415 3982 800 4037 Demetrius
838 3985 1141 4040 Phalereus
1180 3986 1357 4041 exulis
1395 3986 1713 4057 exemplum
1750 3993 1815 4043 81

414 4072 796 4127 Democriti
833 4090 978 4143 quae
1013 4076 1266 4130 feruntur
1303 4076 1616 4131 sententiae
1655 4084 1721 4131 47

415 4162 538 4217 Dio
577 4162 906 4232 Syracusius
945 4162 1124 4217 exulis
1161 4166 1477 4235 exemplum
1515 4171 1579 4219 81

416 4251 782 4323 Diogenes:
821 4253 892 4306 de
910 4252 976 4308 D.
997 4255 1056 4307 et
1073 4252 1449 4308 Alexandri
1477 4256 1709 4326 Magni
1738 4271 2037 4324 congressu
2064 4254 2314 4309 narratio
2345 4260 2410 4308 51
2443 4254 2511 4308 de
2540 4254 2754 4309 exilio

521 4340 698 4409 ipsius
737 4341 951 4403 dictum
989 4348 1056 4395 54
1078 4360 1158 4411 sq.
1198 4342 1376 4398 exulis
1415 4344 1732 4414 exemplum
1769 4349 1853 4398 50.
1885 4350 1968 4399 81.
2000 4352 2066 4399 82
2107 4345 2181 4397 ad
2216 4343 2413 4398 ludos
2449 4343 2659 4414 migrat
2686 4349 2753 4397 93

517 4429 660 4483 otio
706 4433 856 4485 recte
905 4430 1116 4485 utentis
1164 4433 1479 4501 exemplum
1527 4438 1594 4487 89
1647 4429 2032 4502 παρρησίας
2078 4440 2145 4488 39
2200 4433 2560 4487 Persarum
2603 4431 2753 4503 regis

524 4516 700 4571 vitam
745 4517 1000 4575 imitatur
1045 4526 1131 4577 44.
1161 4528 1230 4576 93
1278 4521 1348 4576 de
1383 4521 1449 4577 D.
1489 4524 1548 4575 et
1590 4520 1902 4590 Philippi
1949 4520 2229 4590 colloquio
2274 4520 2523 4576 narratio
2561 4527 2629 4575 40
2684 4520 2753 4577 de
