3309 5167
1429 390 1812 454 ...5.-

448 554 860 639 λαμβάνουσι
908 549 1299 635 respondent
1342 550 1693 635 χρημάτων
1733 559 2054 615 τοσοῦτον
2090 553 2560 635 πιστευόμενος
2601 553 2699 635 16,
2733 553 2789 615 7.

447 658 663 725 Hense
737 660 940 744 igitur
1004 660 1213 742 φασίν
1277 656 1556 740 explicat
1621 656 1738 721 sic:
1810 656 2137 742 „adfertur
2201 656 2421 740 opinio
2484 657 2788 743 vulgaris,

445 768 721 833 fortasse
768 771 842 830 ut
878 762 1228 831 adversarii
1267 763 1400 829 sint
1437 764 1633 828 verba
1680 762 1787 851 (cf.
1824 787 1883 848 p.
1920 766 2019 848 16,
2060 760 2181 850 8)“.
2259 762 2383 829 Sed
2420 787 2567 829 cum
2602 763 2789 828 Teles

445 879 518 938 ut
565 873 934 957 opinionem
981 870 1313 955 vulgarem
1359 869 1683 954 significet
1730 873 1952 935 utatur
1997 871 2194 935 verbo
2232 875 2442 955 φασίν
2480 894 2626 935 cum
2660 892 2786 935 acc.

445 1003 492 1045 c.
532 980 642 1045 inf.
685 978 1026 1045 coniuncto
1065 975 1170 1065 (cf.
1211 976 1335 1041 ind.
1377 975 1524 1039 edit.
1563 974 1759 1039 Hens.
1797 999 1843 1040 s.
1874 999 1931 1040 v.
1971 975 2199 1064 φημί),
2238 983 2311 1043 ut
2348 978 2787 1043 adversarium

443 1086 936 1177 respondentem
972 1085 1236 1149 inducat
1277 1082 1537 1147 omnino
1575 1105 1708 1147 non
1743 1084 1989 1149 inserat
2024 1086 2292 1149 verbum
2330 1085 2600 1169 dicendi,
2646 1086 2789 1171 ipsa

445 1192 690 1257 Teletei
752 1192 1064 1257 sermonis
1131 1190 1527 1255 consuetudo
1592 1189 1874 1275 flagitat,
1938 1196 2013 1255 ut
2077 1197 2321 1276 φησίν
2383 1216 2783 1278 reponamus.

445 1300 730 1365 Fuerunt
764 1299 966 1385 igitur
1003 1298 1074 1363 in
1109 1298 1290 1363 fonte
1317 1295 1558 1361 Teletis
1590 1298 1773 1363 haec:
1808 1299 1968 1382 „oae'yx
1995 1300 2293 1385 ἄρχουσι,
2331 1301 2411 1365 οὐ
2448 1302 2787 1366 πιστεύον-

444 1432 574 1492 ται,
630 1408 712 1473 οὐ
764 1410 1141 1493 παρρησίαν
1196 1408 1418 1490 ἔχουσι
1430 1404 1482 1489 ;“
1534 1427 1764 1489 nempe
1812 1428 1845 1469 e
1892 1407 2216 1471 sententia
2260 1407 2397 1471 eius
2455 1407 2629 1472 dicta
2674 1408 2786 1492 qui

443 1515 808 1579 defenderet
847 1513 1126 1579 exilium.
1202 1512 1429 1597 Neque
1468 1512 1640 1577 enim
1676 1517 1899 1578 vetant
1935 1514 2131 1578 verba
2167 1513 2463 1598 proxima
2497 1515 2657 1579 haec
2693 1515 2786 1579 sic

441 1622 636 1688 scribi
664 1627 730 1686 et
766 1622 859 1686 sic
889 1620 1215 1705 explicari,
1252 1620 1320 1685 id
1349 1620 1521 1704 quod
1557 1619 1774 1684 Hense
1804 1620 2178 1705 arbitratur,
2209 1644 2355 1685 cum
2382 1622 2563 1686 nullo
2594 1622 2785 1687 modo

442 1752 586 1795 cum
633 1728 968 1794 enuntiato
1014 1727 1129 1792 illo
1178 1728 1586 1792 cohaereant:
1631 1751 1783 1792 nam
1831 1728 1885 1791 si
1926 1727 2341 1793 cohaererent
2375 1752 2588 1795 nonne
2626 1729 2787 1794 illud

438 1835 730 1901 refellere
795 1836 1148 1900 deberent?
1213 1873 1288 1883 --
1352 1834 1444 1899 At
1507 1857 1731 1899 revera
1793 1834 1890 1899 illi
1954 1837 2376 1901 πιστεύονται
2440 1838 2790 1920 respondet

439 1944 717 2008 alterum
777 1944 1223 2027 πιστεύονται,
1289 1944 1566 2028 ἄρχουσι
1631 1943 1831 2007 verbo
1888 1951 2263 2028 φρουροῦσι
2312 1942 2649 2027 excipitur.
2704 1982 2779 1989 —

439 2049 671 2133 Audio,
718 2050 829 2113 sed
875 2048 988 2113 ubi
1035 2071 1274 2133 quaeso
1322 2049 1400 2113 de
1444 2052 1779 2135 παρρησίᾳ
1824 2048 2009 2113 Teles
2056 2051 2159 2114 vel
2205 2073 2406 2115 unum
2451 2049 2608 2115 facit
2650 2074 2786 2116 ver-

441 2157 640 2221 bum?
691 2194 766 2203 —-
818 2154 909 2221 At
957 2157 1012 2222 si
1058 2155 1350 2240 exempla
1396 2156 1509 2221 illa
1553 2155 1782 2240 Lycini
1819 2161 2013 2241 atque
2050 2156 2399 2222 Glauconis
2437 2157 2787 2241 Hippome-

442 2263 656 2328 dontis
696 2267 888 2347 atque
927 2262 1374 2328 Chremonidis
1412 2286 1542 2328 non
1580 2262 1911 2348 pertinent
1948 2264 2026 2329 ad
2066 2287 2141 2328 ea
2178 2288 2341 2349 quae
2379 2265 2785 2351 antecedunt,

444 2370 598 2456 quid
644 2370 906 2435 tandem
955 2369 1080 2435 sibi
1125 2370 1398 2435 volunt?
1451 2408 1526 2417 --
1576 2369 1904 2435 Nimirum
1951 2370 2123 2436 idem
2157 2372 2342 2437 Teles
2392 2372 2481 2436 eis
2530 2373 2787 2438 demon-

441 2482 646 2541 strare
711 2478 877 2561 vult,
943 2478 1117 2561 quod
1183 2478 1491 2561 exemplis
1557 2477 1896 2542 Phoenicis
1954 2478 2533 2563 Themistoclisque
2590 2502 2787 2564 supra

440 2585 674 2649 allatis·
731 2590 816 2668 (p.
876 2585 989 2669 15,
1046 2585 1114 2669 7)
1191 2586 1697 2670 demonstratur,
1763 2585 2009 2650 scilicet
2074 2585 2336 2650 exilium
2399 2586 2588 2652 nobis
2654 2609 2787 2651 non

441 2691 652 2755 solum
686 2713 818 2756 non
847 2692 1096 2781 auferre
1134 2693 1212 2757 τὰ
1243 2690 1440 2777 ἐκτός,
1478 2692 1590 2757 sed
1619 2692 1815 2757 etiam
1844 2692 2067 2758 multis
2096 2716 2172 2757 ea
2200 2711 2433 2778 augere
2461 2691 2549 2779 (p.
2576 2693 2674 2778 15,
2696 2690 2784 2779 5),

443 2797 509 2860 id
555 2798 726 2881 quod
770 2798 928 2882 ipsis
970 2798 1184 2863 verbis
1231 2800 1343 2864 ἵνα
1388 2800 1476 2884 μὴ
1522 2801 1602 2863 τὰ
1646 2801 1893 2865 παλαιά
1940 2817 2045 2865 σοι
2093 2798 2261 2883 λέγω
2311 2798 2398 2886 (p.
2434 2801 2533 2884 16,
2564 2797 2635 2884 5)
2682 2822 2785 2863 ex-

440 2926 662 2989 presse
697 2905 1114 2990 significatur.
1179 2905 1518 2991 Leguntur
1555 2906 1757 2990 igitur
1792 2929 1964 2970 nunc
2003 2906 2295 2991 exempla
2331 2906 2461 2971 ista
2496 2928 2628 2970 non
2666 2929 2782 2970 suo

439 3012 611 3077 loco:
664 3035 815 3077 nam
859 3012 1074 3077 verbis
1129 3017 1342 3079 ποίων
1390 3008 1512 3078 οὖν
1559 3013 1838 3097 ἀγαθῶν
1881 3012 1922 3097 ἡ
1969 3014 2151 3098 φυγὴ
2208 3017 2559 3098 στερίσκει,
2620 3036 2783 3098 quae

439 3119 596 3205 quin
649 3120 862 3184 verbis
918 3117 1048 3183 illis
1108 3124 1311 3185 τίνων
1355 3118 1396 3203 ἡ
1443 3119 1624 3204 φυγὴ
1673 3118 1800 3202 (ἢ)
1851 3123 2065 3185 ποίων
2118 3119 2398 3203 ἀγαθῶν
2454 3124 2777 3206 στερίσκει

438 3226 527 3314 (p.
552 3228 654 3312 14,
675 3224 745 3313 8)
783 3227 1214 3310 respondeant
1255 3226 1540 3291 dubitari
1577 3248 1710 3291 11011
1746 3230 1981 3311 potest,
2030 3227 2237 3291 omnis
2286 3226 2401 3292 illa
2447 3228 2524 3291 de
2572 3228 2781 3292 tribus

438 3333 624 3399 bonis
679 3372 753 3381 —-
808 3334 1113 3421 corporis,
1159 3333 1376 3418 animi,
1425 3332 1707 3397 externis
1760 3370 1835 3381 —-
1890 3331 2245 3417 disputatio
2282 3334 2522 3399 finitur.
2615 3334 2785 3411 Quin

440 3442 638 3507 etiam
674 3441 744 3506 in
778 3442 901 3505 hac
944 3445 1132 3525 parte
1169 3440 1269 3505 sui
1305 3439 1616 3525 temporis
1666 3440 1959 3525 exempla
1998 3440 2314 3505 allaturus
2354 3464 2491 3506 esse
2528 3441 2784 3506 videtur

437 3549 643 3634 Teles,
673 3571 818 3613 cum
847 3553 1145 3613 enarr-ato
1174 3547 1628 3613 Themistoclis
1662 3548 1955 3632 exemplo
1986 3547 2235 3612 adiecta
2262 3548 2394 3613 sint
2421 3550 2619 3614 verba
2654 3559 2783 3613 νῦν

441 3652 514 3721 δὲ
559 3656 769 3738 πολλὴ
815 3665 951 3721 τῶν
1005 3657 1326 3722 τοιούτων
1372 3656 1701 3740 ἀφθονία,
1756 3659 1830 3719 ut
1876 3654 2152 3719 coniciat
2207 3655 2556 3740 quispiam,
2612 3658 2781 3740 apud

439 3786 585 3827 eum
623 3784 814 3846 quem
849 3784 964 3845 per
1000 3762 1167 3827 hanc
1207 3767 1458 3847 partem
1495 3765 1753 3827 secutus
1793 3761 1881 3826 sit
1917 3761 2101 3827 Teles
2150 3766 2479 3827 auctorem
2514 3762 2783 3847 antiqua

437 3870 553 3935 illa
588 3868 858 3934 subinde
892 3874 1114 3933 secuta
1140 3893 1278 3934 esse
1309 3892 1460 3935 suae
1501 3869 1731 3933 aetatis
1774 3869 2081 3953 exempla,
2121 3868 2410 3934 Teletem
2446 3892 2597 3934 vero
2638 3892 2782 3935 con-

439 3976 611 4040 sulto
642 3998 717 4039 ea
745 3974 1039 4040 omisisse
1073 3977 1155 4040 ab
1185 3975 1388 4061 ipsius
1419 3975 1797 4061 aequalibus
1827 3998 2050 4040 rursus
2084 3977 2375 4060 exempla
2402 3978 2777 4061 petiturum.

439 4084 842 4167 Quamquam
907 4083 1086 4147 locus
1149 4083 1260 4147 ille
1316 4081 1493 4171 (inde
1556 4107 1595 4147 a
1640 4089 1934 4161 Λυκῖνος
1990 4082 2239 4162 ἐκεῖνος
2295 4106 2497 4168 usque
2554 4084 2633 4146 ad
2692 4084 2781 4160 ὡς

441 4192 749 4275 βούλοιτο
777 4197 1066 4275 χρῆσθαι
1100 4190 1200 4275 15,
1224 4192 1305 4255 19
1325 4228 1384 4237 —-
1404 4192 1502 4275 16,
1525 4188 1594 4277 8)
1622 4213 1756 4255 11011
1782 4192 2295 4275 transponendus
2320 4194 2444 4254 est:
2475 4190 2780 4274 epitoma-

438 4297 568 4362 tori
605 4297 777 4362 enim
814 4297 1157 4362 tribuenda
1193 4300 1294 4361 est
1328 4297 1486 4362 haec
1522 4298 1928 4381 perturbatio
1967 4302 2160 4381 atque
2200 4296 2407 4360 critici
2444 4296 2513 4359 in
2539 4296 2777 4363 Teletis

439 4403 728 4490 reliquiis
766 4403 1084 4470 versantis
1124 4408 1240 4489 est,
1279 4402 1646 4488 epitomam,
1684 4427 1816 4469 non
1852 4404 2026 4488 ipsos
2067 4425 2391 4467 sermones
2422 4404 2778 4489 restituere,

441 4536 832 4599 quamquam
900 4512 1220 4597 quomodo
1291 4514 1464 4575 recte
1527 4510 1686 4574 haec
1751 4510 2148 4595 disponenda
2209 4509 2451 4575 fuerint
2515 4510 2777 4575 minime
