3309 5167
1478 402 1908 468 „56-

529 568 848 635 Graecum
893 571 1150 634 secutus
1197 564 1444 630 Graeca
1485 561 1847 649 „malebat“
1888 561 2203 649 proferre3
2228 562 2522 648 ,denique
2559 562 2867 649 explicari

525 698 658 741 non
719 674 956 761 possit,
1019 673 1344 760 quomodo
1398 669 1763 756 Musonius,
1828 669 1884 735 si
1948 670 2117 755 apud
2172 668 2547 735 Ciceronem
2608 671 2678 736 in
2731 670 2869 736 uni-

525 805 785 849 versum
831 786 1020 848 morte
1054 781 1406 846 multandos
1453 776 1773 861 scriptum
1816 776 2098 862 legisset,
2144 776 2214 840 in
2249 776 2671 861 ἆπάγξασθαι
2706 777 2869 844 illud

525 888 876 955 incidisset.
966 886 1258 972 Apparet
1310 885 1516 971 igitur
1568 888 1915 970 utrumque
1970 906 2005 947 e
2051 882 2297 950 Graeco
2350 884 2531 950 fonte
2586 886 2867 969 optimae

527 996 759 1062 aetatis
806 995 1099 1061 hausisse
1114 991 1186 1081 ²),
1232 992 1414 1059 cuius
1457 996 1531 1057 ut
1564 1013 1804 1056 nomen
1847 989 2327 1077 investigemus,
2372 991 2649 1060 fortasse
2686 991 2866 1057 locus

526 1102 758 1169 Dionis
807 1098 1258 1188 chrysostomi
1312 1098 1614 1165 adiuvare
1670 1120 1789 1163 nos
1834 1101 2067 1183 potest.
2159 1097 2449 1164 Dubium
2502 1098 2675 1165 enim
2728 1123 2867 1166 esse

525 1208 753 1294 nequit
799 1208 958 1294 quin
1000 1208 1160 1273 haec
1205 1231 1284 1273 ex
1328 1206 1553 1272 eodem
1596 1205 1777 1271 fonte
1821 1204 2150 1271 fluxerint:

619 1333 747 1401 Cic.
783 1338 821 1415 ἓ
863 1334 1007 1399 105.
1083 1332 1290 1415 Quid?
1335 1330 1646 1397 Aristides
1842 1328 1970 1393 Dio
1992 1328 2868 1418 or.LXVIp.358RH.’AQc-

530 1494 544 1508 .
561 1493 575 1507 .
603 1462 806 1507 nonne
831 1441 903 1507 ob
931 1462 1066 1506 eam
1083 1459 1338 1505 causam
1356 1439 1648 1522 expulsus
1755 1437 2021 1519 στείὸην
2036 1434 2869 1523 ἐξωστράκισανᾎθηναῖοι

529 1554 617 1614 est
640 1548 878 1633 patria,
923 1548 1088 1631 quod
1112 1551 1362 1629 praeter
1397 1546 1645 1611 modum
1752 1545 1969 1608 καίτοι
2022 1540 2447 1629 πεπεισμένοι
2492 1556 2723 1629 σαφῶς
2769 1547 2869 1611 ὅτι

527 1658 728 1721 iustus
761 1654 951 1720 esset?
1007 1653 1270 1735 Quantis
1305 1653 1500 1737 iyitur
1525 1672 1648 1717 mo-
1755 1650 2013 1727 δίκαιος
2056 1643 2161 1733 ἦν.
2232 1653 2303 1716 τί
2343 1652 2451 1717 δεῖ
2491 1651 2687 1735 δόξης
2732 1651 2870 1719 ἑπι-

529 1762 722 1827 lestiis
774 1766 999 1826 vacant
1040 1762 1150 1843 qui
1191 1760 1353 1826 nihil
1397 1760 1647 1825 omnino
1753 1763 2032 1841 θυμεῖν,
2083 1750 2165 1841 ἧς
2216 1756 2325 1823 καὶ
2381 1756 2498 1823 ἐὰν
2550 1760 2717 1845 τύχῃ
2768 1783 2871 1837 τις

528 1889 670 1935 cum
701 1868 932 1951 populo
977 1866 1360 1933 contrahunt.
1755 1863 1879 1930 οὐκ
1924 1860 2023 1930 ἐπ’
2066 1862 2301 1954 ἀγαθῷ
2340 1865 2659 1944 πολλάκις
2694 1866 2870 1933 ἀπώ-

1755 1994 1946 2051 von-03

529 2080 747 2166 Atque
791 2082 950 2146 haec
994 2079 1226 2146 Dionis
1271 2081 1470 2147 verba
1521 2079 1637 2145 illa
1692 2080 2199 2164 subsequuntur:
2254 2088 2345 2168 τῷ
2391 2084 2449 2144 Β
2460 2082 2491 2145 ί
2498 2086 2635 2146 ὼνι
2689 2082 2877 2147 δοκεῖ

529 2187 626 2273 μὴ’
665 2189 957 2253 δυνατὸν
1003 2182 1174 2252 εἶναι
1220 2198 1360 2265 τοῖς
1404 2192 1678 2264 πολλοῖς
1713 2183 2016 2272 ἀρέσκειν
2052 2188 2114 2251 εἰ
2147 2185 2235 2271 μὴ
2271 2192 2650 2253 πλακοῦντα
2687 2190 2873 2271 γενό-

529 2318 734 2379 μενον
778 2293 819 2378 ἢ
861 2294 1134 2379 Θάσιον,
1179 2316 1342 2380 quae
1389 2293 1652 2377 εὐηθῶς
1699 2292 1827 2358 sibi
1873 2292 2047 2358 dicta
2086 2316 2226 2359 esse
2262 2292 2467 2359 videri
2503 2293 2573 2358 in
2609 2316 2873 2379 sequen-

530 2401 707 2465 tibus
775 2400 1052 2485 exponit.
1144 2400 1277 2465 Ubi
1331 2401 1398 2465 id
1461 2404 1719 2465 tantum
1782 2400 2138 2486 quaeritur,
2213 2402 2534 2485 quomodo
2599 2406 2873 2487 utraque

529 2508 701 2571 inter
746 2529 814 2571 se
860 2506 1268 2593 cohaereant,
1321 2528 1468 2571 cum
1510 2505 1636 2571 hoc
1681 2504 1913 2571 Dionis
1959 2504 2103 2571 loco
2150 2506 2359 2573 bonus
2407 2510 2874 2575 sententiarum

532 2636 733 2679 nexus
780 2635 990 2697 neque
1036 2612 1357 2678 efficiatur
1403 2612 1697 2698 exemplo
1744 2612 1857 2676 illo
1902 2635 2110 2697 neque
2157 2613 2570 2681 discindatur.

707 2719 887 2785 Haec
938 2719 1072 2784 fere
1119 2723 1274 2784 sunt
1317 2741 1481 2804 quae
1528 2717 1886 2784 communis
1942 2717 2136 2784 simul
2180 2724 2247 2785 et
2292 2721 2369 2785 de
2414 2720 2764 2789 Plutarcho
2810 2728 2879 2789 et

531 2829 610 2894 de
656 2826 958 2893 Musonio
1002 2826 1229 2892 habita
1274 2825 1569 2912 quaestio
1615 2827 1866 2891 doceat:
1921 2830 1996 2891 ut
2047 2828 2299 2913 reliqua
2344 2852 2598 2915 quoque
2646 2852 2877 2917 cogno·

533 2958 784 3002 scamus
823 2934 893 2999 in
930 2934 1220 3021 singulos
1259 2934 1605 3019 scriptores
1652 2933 2110 3019 inquirendum
2155 2936 2305 3021 erit3
2352 2940 2547 3022 atque
2591 2939 2876 3022 primum

535 3043 794 3129 quidem
841 3064 988 3108 cum
1031 3041 1299 3127 reliquis
1337 3040 1709 3107 Plutarchei
1757 3040 1962 3106 libelli
2010 3041 2331 3127 capitibus
2368 3065 2470 3108 res
2506 3045 2696 3110 nobis
2734 3044 2874 3111 erit.

1501 3432 1551 3500 C
1565 3455 1654 3519 ap
1668 3438 1751 3498 ut
1794 3432 1909 3499 ΙΠ.

1021 3588 1119 3642 De
1164 3586 1516 3643 Plutarchi
1559 3585 1868 3643 fontibus
1912 3586 2395 3656 peculiaribus.

708 3720 758 3785 I.
811 3722 868 3785 1.
931 3719 1010 3784 In
1054 3719 1317 3785 exordio
1353 3719 1462 3785 hic
1497 3719 1630 3785 fere
1669 3725 1771 3786 est
1808 3721 2277 3787 sententiarum
2315 3722 2497 3787 ordo:
2541 3723 2879 3809 „Optimae

537 3827 1009 3915 consolationes
1075 3830 1228 3893 sunt
1267 3863 1350 3873 —
1390 3831 1466 3893 ut
1528 3828 1760 3912 optimi
1825 3826 2015 3893 amici
2059 3866 2134 3875 —
2178 3852 2288 3893 eae
2345 3851 2506 3914 quae
2570 3831 2880 3896 miserum

536 3934 913 4000 adiuv'ent
978 3938 1171 4019 atque
1227 3933 1415 3999 nobis
1471 3935 1929 4019 persuadeant,
1993 3938 2068 3999 ut
2122 3935 2193 3999 in
2252 3937 2475 4001 rebus
2532 3937 2874 4001 adversis

532 4063 667 4107 non
719 4042 987 4107 fleamus
1045 4046 1240 4125 atque
1294 4041 1747 4126 lamentemur,
1814 4042 1926 4106 sed
1980 4041 2283 4108 ratione
2346 4042 2449 4109 usi
2504 4042 2875 4128 cogitemus,

682 4272 734 4340 1)
773 4270 835 4326 Si
882 4289 918 4326 a
961 4269 1195 4325 Philone
1241 4267 1462 4341 accepit
1497 4288 1601 4326 sua
1637 4270 1829 4326 Cicero
1867 4272 1955 4341 (ut
1987 4270 2178 4326 Hirzel
2212 4279 2417 4330 waters.
2452 4287 2497 4329 z.
2540 4273 2650 4330 Cic.
2681 4272 2878 4344 philos.

537 4360 675 4416 schsr.
695 4360 774 4415 111
801 4362 990 4432 putat)
1016 4361 1163 4415 hunc
1190 4358 1377 4431 ipsum
1404 4360 1546 4417 haec
1583 4378 1652 4415 ex
1682 4360 1795 4416 alio
1828 4360 2237 4432 deprompsisse
2264 4361 2569 4418 verisimile
2607 4365 2708 4433 est,
2746 4380 2881 4434 quo-

536 4448 693 4504 niam
709 4448 1015 4519 Musonius,
1035 4450 1243 4520 quippe
1271 4448 1370 4519 qui
1389 4450 1612 4507 Stoicus
1633 4453 1785 4505 esset
1804 4451 2109 4534 admodum
2128 4466 2369 4520 severus,
2392 4452 2541 4507 certe
2562 4452 2883 4524 Scepticum

538 4537 700 4593 illum
734 4554 846 4593 non
883 4536 1156 4593 adhibuit.
