3309 5167
1347 412 1420 420 --
1517 375 1775 439 85-

396 534 852 600 Plutarcheum
898 534 1085 600 illum
1130 538 1442 619 tanquam
1485 534 1735 600 medius
1783 534 2123 601 intercedit
2158 535 2554 601 Horatianus
2598 536 2733 621 qui-

393 643 555 730 dam,
603 667 731 729 quo
769 640 1148 727 magnitudo
1185 645 1413 727 terrae,
1461 664 1623 728 quae
1663 641 1855 707 alicui
1894 642 2280 729 suppeditat,
2324 644 2405 708 ad
2442 648 2733 711 ventrem

396 750 670 815 refertur
717 747 878 837 (Sat.
916 748 966 834 Ι,
1010 751 1064 835 1,
1100 746 1246 837 45):

815 855 1014 921 Milia
1053 856 1354 937 frumenti
1399 861 1506 922 tua
1552 858 1791 922 triverit
1832 877 1983 921 area
2026 862 2299 923 eentum:

815 963 962 1029 Non
1007 968 1148 1029 tuns
1190 963 1301 1029 hoe
1343 965 1542 1047 capiet
1583 969 1787 1029 venter
1820 964 1971 1047 plus
2014 984 2089 1029 ae
2132 984 2301 1031 meus
2338 1018 2350 1031 .
2382 1017 2395 1031 .

1129 1122 1142 1134 .
1247 1070 1354 1137 Vel
1397 1072 1519 1157 dic,
1565 1072 1722 1154 qnid
1762 1072 1991 1151 referat
2033 1073 2206 1136 intra

812 1178 1098 1243 Naturae
1137 1178 1294 1261 fines
1336 1179 1564 1244 viventi
1605 1180 1823 1261 inyera
1866 1182 2107 1245 omitum
2152 1200 2239 1243 an

810 1283 996 1349 Mille
1037 1284 1215 1350 aret?

386 1390 634 1467 Quibus
691 1405 838 1471 cum
888 1390 1181 1455 versibus
1238 1414 1400 1477 quos
1448 1390 1822 1457 Plutarchei
1875 1390 2083 1456 libelli
2137 1413 2203 1457 π.
2251 1394 2731 1477 φιλοπλουτίας

387 1502 717 1582 comparat
760 1498 937 1563 locos
984 1497 1227 1562 Heinze
1273 1496 1378 1586 (de
1420 1503 1578 1565 Hor.
1607 1499 1839 1565 Bionis
1883 1500 2035 1565 imit.
2074 1522 2135 1583 p.
2165 1496 2282 1585 20)
2294 1551 2312 1584 ,
2360 1500 2439 1563 ad
2487 1498 2733 1565 Graeca

385 1628 505 1671 nos
535 1607 861 1671 reducunt.
939 1602 1241 1669 Ceterum
1268 1604 1338 1670 in
1364 1604 1739 1670 universum
1777 1604 2016 1670 dictam
2045 1606 2314 1669 eandem
2344 1607 2733 1671 sententiam

385 1714 583 1778 habes
622 1712 690 1777 in
715 1711 926 1796 Epict.
948 1734 1115 1777 man.
1136 1733 1186 1776 c.
1210 1713 1294 1777 39
1335 1712 1757 1778 similitudine
1794 1712 1991 1778 calcei
2032 1711 2452 1778 illustratam:
2492 1712 2734 1800 μέτρον

384 1822 669 1904 κτήσεως
720 1821 796 1885 τὸ
845 1829 1032 1904 σῶμα
1078 1816 1357 1908 ἑκάστῳ,
1413 1820 1504 1897 ὡς
1557 1820 1594 1885 ὁ
1640 1828 1808 1897 ποῦς
1862 1818 2378 1904 ὑποδήματοςῑ),
2438 1825 2513 1885 ut
2566 1822 2736 1906 apud

265 1952 268 1957 ·
384 1923 571 1990 Dion.
613 1923 943 2010 Chrysost.
986 1923 1102 2011 (or.
1141 1925 1367 1991 XVIII
1403 1949 1462 2010 p.
1502 1928 1632 1992 472
1652 1925 1741 2012 R)
1780 1925 1871 1991 sic
1908 1925 2107 1991 vestis
2148 1926 2409 1992 omnino
2447 1927 2735 1992 adfertur

385 2029 522 2118 (καὶ
582 2031 833 2116 ἐσθῆτα
879 2030 1002 2117 μὲν
1047 2030 1270 2109 οὐδεὶς
1313 2034 1622 2117 βούλεται
1669 2036 1863 2117 μείζω
1908 2042 2028 2099 τοῦ
2075 2034 2376 2119 σώματος
2422 2036 2599 2119 ἔχειν
2645 2035 2737 2112 ὡς

384 2139 800 2223 δύσχρηστον
855 2142 935 2204 ὄν
989 2161 1038 2203 e.
1079 2162 1138 2224 q.
1179 2138 1274 2226 s.).
1367 2138 1679 2205 Videmus
1745 2139 1947 2226 igitur
2010 2142 2181 2225 apud
2246 2141 2505 2205 eosdem
2568 2141 2736 2207 hanc

384 2244 772 2310 sententiam
823 2244 1234 2331 circumferri,
1281 2247 1452 2331 apud
1490 2270 1652 2332 quos
1691 2246 1849 2311 alias
1889 2246 2064 2333 illas,
2111 2252 2184 2312 ut
2228 2270 2361 2313 non
2406 2247 2500 2313 ita
2543 2247 2734 2334 longe

382 2355 465 2417 ab
513 2354 717 2418 altera
761 2353 1098 2438 utriusque
1145 2352 1327 2440 origo
1377 2353 1618 2419 distare
1664 2353 1891 2437 possit.
1906 2353 1956 2439 2)

560 2459 786 2545 Neque
852 2483 1074 2525 eorum
1139 2483 1300 2545 quae
1366 2460 1434 2525 in
1498 2460 1918 2547 sequentibus
1970 2459 2156 2547 (cap.
2206 2460 2275 2547 9)
2325 2464 2735 2547 exponuntur

382 2573 693 2651 tanquam
747 2568 1138 2653 principium
1191 2567 1517 2633 diversum
1573 2591 1713 2633 esse
1770 2592 1803 2633 e
1849 2568 2063 2634 verbis
2120 2568 2507 2655 quibusdam
2557 2570 2731 2635 illius

386 2673 662 2738 Senecae
726 2675 853 2740 loci
908 2697 1002 2759 ep.
1052 2676 1155 2761 89,
1203 2677 1288 2739 20
1334 2675 1567 2740 elucet:
1621 2676 1731 2741 hoe
1783 2698 2017 2759 qnoque
2063 2698 2301 2759 parum
2344 2683 2433 2743 est
2476 2728 2489 2741 .
2520 2728 2561 2756 .,
2606 2680 2735 2743 nisi

385 2782 706 2866 insulae,
751 2802 1180 2865 maynornm
1216 2783 1474 2847 dueum
1518 2783 1928 2867 domicilia,
1974 2784 2134 2847 inter
2176 2784 2481 2849 vilissima
2524 2805 2734 2849 rerum

383 2888 804 2953 nominantur.
893 2886 1162 2952 Accedit
1217 2888 1388 2973 quod
1445 2892 1510 2953 et
1565 2893 2017 2974 argumentum
2082 2888 2243 2954 illud
2308 2890 2385 2954 de
2445 2889 2731 2974 corporis

381 2994 706 3081 parvitate
745 2996 1157 3079 desumptum
1194 2994 1261 3059 in
1293 2993 1565 3060 Senecae
1601 2996 2062 3061 consolationis
2100 2996 2243 3061 loco
2280 2997 2503 3062 eodem
2541 2998 2732 3063 modo

381 3102 754 3188 adhibetur,
813 3125 942 3188 quo
997 3103 1165 3186 apud
1219 3102 1666 3189 Plutarchum,
1724 3108 1789 3168 et
1846 3104 2017 3188 quod
2074 3104 2359 3169 affinitas
2418 3105 2731 3190 quaedam

382 3212 555 3276 inter
594 3214 943 3295 utrumque
983 3209 1197 3274 locum
1226 3208 1648 3275 Annaeanum
1694 3209 2087 3276 intercedere
2116 3210 2371 3277 videtur
2399 3209 2733 3299 (quousque

387 3322 575 3401 finem
609 3319 1016 3403 possessionis
1046 3318 1522 3402 propayabitis?
1568 3317 1643 3382 cf.
1677 3340 1823 3383 cum
1856 3316 1987 3383 his:
2037 3320 2173 3384 lieet
2214 3320 2421 3401 itaque
2456 3322 2733 3402 augeatis

388 3446 624 3508 eensuS,
670 3428 1078 3508 promoveatis
1122 3421 1320 3512 sines).
1411 3423 1628 3509 Atque
1681 3447 1716 3489 e
1761 3424 1941 3489 fonte
1996 3424 2211 3510 aliquo
2269 3424 2385 3489 illa
2438 3425 2731 3492 hausisse

383 3531 827 3618 Plutarchum,
883 3554 1016 3597 non
1071 3555 1188 3596 suo
1246 3532 1476 3596 debere
1532 3531 1793 3616 ingenio
1850 3530 1977 3597 alia
2023 3554 2278 3617 quoque
2324 3532 2429 3597 via
2476 3534 2731 3598 demon-

385 3637 581 3704 strari
643 3643 885 3723 potest,
950 3639 1297 3703 dummodo
1353 3643 1526 3704 recte
1587 3661 1663 3703 ea
1723 3638 2192 3704 constituamus
2250 3644 2443 3725 atque
2499 3640 2732 3705 intelli-

385 3767 629 3833 gamus.
739 3744 1076 3810 Traditum
1148 3744 1318 3809 enim
1382 3750 1483 3811 est
1554 3754 1673 3829 τῆς
1740 3748 2030 3832 Θουρίας
2096 3745 2389 3812 ἐνταῦθα
2450 3751 2732 3831 πλησίον

531 3976 586 4045 1)
633 3973 919 4028 Calceus
982 3990 1202 4043 quoque
1267 3974 1491 4044 saepius
1546 3973 1607 4028 in
1660 3974 1749 4028 his
1816 3973 2180 4043 scriptoribus
2244 3974 2509 4031 occurrit:
2581 3975 2729 4031 Plut.

383 4084 440 4120 π.
491 4065 692 4134 εὐθυμ.
742 4081 786 4118 c.
828 4068 886 4132 43
942 4062 1072 4117 Hor.
1121 4080 1206 4133 ep.
1245 4065 1294 4133 Ι,
1335 4070 1391 4133 7,
1431 4070 1525 4134 98;
1574 4070 1668 4133 10,
1706 4069 1801 4132 423
1859 4063 2027 4117 Clem.
2087 4064 2243 4118 Alex,
2300 4063 2468 4118 Paed.
2516 4064 2620 4133 III,
2661 4070 2729 4117 39

383 4174 435 4224 p.
467 4160 568 4208 2⁷7
589 4154 660 4223 1³3
707 4152 814 4207 Dio
853 4152 1135 4221 Chrysost.
1175 4169 1251 4207 or.
1279 4153 1373 4206 XL
1408 4171 1462 4222 p.
1499 4152 1669 4206 164R.
1698 4152 1764 4206 H.
1809 4182 1875 4190 —
1923 4151 2136 4204 Eadem
2183 4150 2554 4205 similitudine
2603 4168 2728 4206 con-

384 4243 616 4297 trariam
652 4242 930 4296 rationem
965 4242 1171 4311 probat
1197 4235 1516 4312 Aristippus
1555 4241 1732 4311 (Stob.
1762 4241 1877 4295 flor.
1903 4245 1987 4308 94,
2019 4240 2255 4293 32-111
2291 4258 2344 4309 p.
2376 4245 2479 4293 197
2517 4240 2725 4311 Mem).

526 4335 582 4401 2)
619 4332 698 4387 cf.
738 4330 912 4386 etiam
948 4332 1137 4387 Iuven.
1178 4332 1281 4386 sat.
1324 4336 1407 4399 10,
1437 4336 1565 4386 146:

772 4419 1040 4490 Expende
1077 4420 1477 4476 Hannibalem.-
1514 4426 1641 4491 quot
1679 4420 1850 4474 libras
1886 4420 1949 4473 im
1984 4421 2117 4474 duee
2152 4434 2358 4473 summo

771 4508 1062 4565 Invenies?
1135 4509 1250 4565 Hic
1286 4517 1386 4579 est,
1424 4527 1577 4580 quem
1613 4526 1727 4564 non
1762 4508 1913 4579 capit
1950 4508 2149 4577 Africa
2189 4549 2235 4561 ..
