<?xml version="1.0" encoding="UTF-8"?>
<!DOCTYPE html PUBLIC "-//W3C//DTD XHTML 1.0 Transitional//EN"
    "http://www.w3.org/TR/xhtml1/DTD/xhtml1-transitional.dtd">
<html xmlns="http://www.w3.org/1999/xhtml" xml:lang="en" lang="en">
 <head>
  <title>
</title>
<meta http-equiv="Content-Type" content="text/html;charset=utf-8" />
  <meta name='ocr-system' content='tesseract 3.04.00' />
  <meta name='ocr-capabilities' content='ocr_page ocr_carea ocr_par ocr_line ocrx_word'/>
</head>
<body>
  <div class='ocr_page' id='page_1' title='image "./dephilosophorum00giesgoog_0123.png"; bbox 0 0 3309 5167; ppageno 0'>
   <div class='ocr_carea' id='block_1_1' title="bbox 1412 330 1887 395">
    <p class='ocr_par' dir='ltr' id='par_1_1' title="bbox 1412 330 1887 395">
     <span class='ocr_line' id='line_1_1' title="bbox 1412 330 1887 395; baseline 0 -1"><span class='ocrx_word' id='word_1_1' title='bbox 1412 330 1887 395; x_wconf 81' lang='lat'>-113-</span> 
     </span>
    </p>
   </div>
   <div class='ocr_carea' id='block_1_2' title="bbox 460 486 2835 3073">
    <p class='ocr_par' dir='ltr' id='par_1_2' title="bbox 460 486 2815 1411">
     <span class='ocr_line' id='line_1_2' title="bbox 463 486 2811 575; baseline -0.003 -19"><span class='ocrx_word' id='word_1_2' title='bbox 463 492 781 575; x_wconf 85' lang='lat' dir='ltr'>Exemplo</span> <span class='ocrx_word' id='word_1_3' title='bbox 832 494 933 554; x_wconf 87' lang='lat' dir='ltr'>est</span> <span class='ocrx_word' id='word_1_4' title='bbox 976 488 1294 553; x_wconf 79' lang='lat' dir='ltr'>Phaedria</span> <span class='ocrx_word' id='word_1_5' title='bbox 1338 488 1467 574; x_wconf 84' lang='lat' dir='ltr'>ille,</span> <span class='ocrx_word' id='word_1_6' title='bbox 1522 511 1715 572; x_wconf 90' lang='lat' dir='ltr'>quem</span> <span class='ocrx_word' id='word_1_7' title='bbox 1761 511 1801 552; x_wconf 90' lang='lat' dir='ltr'>a</span> <span class='ocrx_word' id='word_1_8' title='bbox 1846 487 2091 552; x_wconf 85' lang='lat' dir='ltr'><strong>Thaide</strong></span> <span class='ocrx_word' id='word_1_9' title='bbox 2146 509 2265 551; x_wconf 89' lang='lat' dir='ltr'>sua</span> <span class='ocrx_word' id='word_1_10' title='bbox 2309 487 2639 551; x_wconf 85' lang='lat' dir='ltr'>exclusum</span> <span class='ocrx_word' id='word_1_11' title='bbox 2683 486 2811 570; x_wconf 89' lang='lat' dir='ltr'>pri-</span> 
     </span>
     <span class='ocr_line' id='line_1_3' title="bbox 464 594 2808 683; baseline -0.002 -20"><span class='ocrx_word' id='word_1_12' title='bbox 464 622 658 683; x_wconf 87' lang='lat' dir='ltr'>mum,</span> <span class='ocrx_word' id='word_1_13' title='bbox 706 595 934 662; x_wconf 91' lang='lat' dir='ltr'>deinde</span> <span class='ocrx_word' id='word_1_14' title='bbox 980 599 1351 661; x_wconf 84' lang='lat' dir='ltr'>revocatum</span> <span class='ocrx_word' id='word_1_15' title='bbox 1396 595 1553 660; x_wconf 86' lang='lat' dir='ltr'>facit</span> <span class='ocrx_word' id='word_1_16' title='bbox 1589 594 1660 660; x_wconf 92' lang='lat' dir='ltr'>in</span> <span class='ocrx_word' id='word_1_17' title='bbox 1706 595 2021 660; x_wconf 86' lang='lat' dir='ltr'><strong>Eunucho</strong></span> <span class='ocrx_word' id='word_1_18' title='bbox 2066 594 2425 679; x_wconf 80' lang='lat' dir='ltr'>Terentius,</span> <span class='ocrx_word' id='word_1_19' title='bbox 2472 594 2646 678; x_wconf 91' lang='lat' dir='ltr'>quod</span> <span class='ocrx_word' id='word_1_20' title='bbox 2690 616 2808 677; x_wconf 92' lang='lat' dir='ltr'>pro</span> 
     </span>
     <span class='ocr_line' id='line_1_4' title="bbox 462 700 2813 786; baseline -0.003 -15"><span class='ocrx_word' id='word_1_21' title='bbox 462 706 708 771; x_wconf 85' lang='lat' dir='ltr'>Graeco</span> <span class='ocrx_word' id='word_1_22' title='bbox 757 702 976 786; x_wconf 89' lang='lat' dir='ltr'>aliquo</span> <span class='ocrx_word' id='word_1_23' title='bbox 1022 702 1385 786; x_wconf 79' lang='lat' dir='ltr'>reposuisse</span> <span class='ocrx_word' id='word_1_24' title='bbox 1422 700 1771 767; x_wconf 90' lang='lat' dir='ltr'>Horatium</span> <span class='ocrx_word' id='word_1_25' title='bbox 1819 707 1887 766; x_wconf 91' lang='lat' dir='ltr'>et</span> <span class='ocrx_word' id='word_1_26' title='bbox 1929 725 2045 786; x_wconf 90' lang='lat' dir='ltr'>per</span> <span class='ocrx_word' id='word_1_27' title='bbox 2090 725 2157 766; x_wconf 85' lang='lat' dir='ltr'>se</span> <span class='ocrx_word' id='word_1_28' title='bbox 2201 701 2553 767; x_wconf 84' lang='lat' dir='ltr'>verisimile</span> <span class='ocrx_word' id='word_1_29' title='bbox 2600 706 2700 765; x_wconf 88' lang='lat' dir='ltr'>est</span> <span class='ocrx_word' id='word_1_30' title='bbox 2744 705 2813 764; x_wconf 90' lang='lat' dir='ltr'>et</span> 
     </span>
     <span class='ocr_line' id='line_1_5' title="bbox 463 806 2813 896; baseline -0.003 -19"><span class='ocrx_word' id='word_1_31' title='bbox 463 809 790 877; x_wconf 82' lang='lat' dir='ltr'>Ciceronis</span> <span class='ocrx_word' id='word_1_32' title='bbox 839 810 1133 893; x_wconf 85' lang='lat' dir='ltr'>exemplo</span> <span class='ocrx_word' id='word_1_33' title='bbox 1178 810 1492 893; x_wconf 90' lang='lat' dir='ltr'>probatur</span> <span class='ocrx_word' id='word_1_34' title='bbox 1529 807 1636 896; x_wconf 87' lang='lat' dir='ltr'>(cf.</span> <span class='ocrx_word' id='word_1_35' title='bbox 1669 810 1764 895; x_wconf 83' lang='grc'><strong>8.).</strong></span> <span class='ocrx_word' id='word_1_36' title='bbox 1838 807 2057 893; x_wconf 89' lang='lat' dir='ltr'>Atque</span> <span class='ocrx_word' id='word_1_37' title='bbox 2092 810 2385 893; x_wconf 87' lang='lat' dir='ltr'>profecto</span> <span class='ocrx_word' id='word_1_38' title='bbox 2423 812 2649 872; x_wconf 85' lang='lat' dir='ltr'>extant</span> <span class='ocrx_word' id='word_1_39' title='bbox 2685 806 2813 872; x_wconf 91' lang='lat' dir='ltr'>loci</span> 
     </span>
     <span class='ocr_line' id='line_1_6' title="bbox 462 914 2812 1001; baseline -0.001 -19"><span class='ocrx_word' id='word_1_40' title='bbox 462 917 849 1001; x_wconf 77' lang='lat' dir='ltr'>complureS,</span> <span class='ocrx_word' id='word_1_41' title='bbox 896 915 1009 980; x_wconf 90' lang='lat' dir='ltr'>ubi</span> <span class='ocrx_word' id='word_1_42' title='bbox 1055 916 1230 980; x_wconf 92' lang='lat' dir='ltr'>idem</span> <span class='ocrx_word' id='word_1_43' title='bbox 1275 917 1639 999; x_wconf 82' lang='lat' dir='ltr'>exemplum</span> <span class='ocrx_word' id='word_1_44' title='bbox 1676 914 2099 980; x_wconf 84' lang='lat' dir='ltr'>Thrasonidis</span> <span class='ocrx_word' id='word_1_45' title='bbox 2147 915 2324 980; x_wconf 86' lang='lat' dir='ltr'>illius</span> <span class='ocrx_word' id='word_1_46' title='bbox 2372 914 2812 1001; x_wconf 79' lang='grc' dir='ltr'><strong><em>Μισουμένου</em></strong></span> 
     </span>
     <span class='ocr_line' id='line_1_7' title="bbox 462 1021 2811 1107; baseline -0.001 -19"><span class='ocrx_word' id='word_1_47' title='bbox 462 1021 864 1107; x_wconf 83' lang='lat' dir='ltr'>Menandri1)</span> <span class='ocrx_word' id='word_1_48' title='bbox 903 1023 1170 1087; x_wconf 85' lang='lat' dir='ltr'>affertur</span> <span class='ocrx_word' id='word_1_49' title='bbox 1204 1022 1447 1087; x_wconf 88' lang='lat' dir='ltr'>talibus</span> <span class='ocrx_word' id='word_1_50' title='bbox 1487 1022 1558 1088; x_wconf 90' lang='lat' dir='ltr'>in</span> <span class='ocrx_word' id='word_1_51' title='bbox 1593 1022 1858 1106; x_wconf 86' lang='lat' dir='ltr'>seriptis</span> <span class='ocrx_word' id='word_1_52' title='bbox 1870 1075 1886 1107; x_wconf 88' lang='lat'><strong><em>,</em></strong></span> <span class='ocrx_word' id='word_1_53' title='bbox 1925 1045 2089 1107; x_wconf 89' lang='lat' dir='ltr'>quae</span> <span class='ocrx_word' id='word_1_54' title='bbox 2118 1022 2249 1087; x_wconf 88' lang='lat' dir='ltr'>iam</span> <span class='ocrx_word' id='word_1_55' title='bbox 2276 1023 2522 1087; x_wconf 89' lang='lat' dir='ltr'>Bionea</span> <span class='ocrx_word' id='word_1_56' title='bbox 2550 1023 2811 1087; x_wconf 80' lang='lat' dir='ltr'>reddere</span> 
     </span>
     <span class='ocr_line' id='line_1_8' title="bbox 460 1128 2813 1216; baseline -0.001 -20"><span class='ocrx_word' id='word_1_57' title='bbox 460 1131 756 1196; x_wconf 80' lang='lat' dir='ltr'>vidimus,</span> <span class='ocrx_word' id='word_1_58' title='bbox 846 1130 925 1196; x_wconf 87' lang='lat' dir='ltr'>In</span> <span class='ocrx_word' id='word_1_59' title='bbox 968 1128 1138 1194; x_wconf 91' lang='lat' dir='ltr'>libro</span> <span class='ocrx_word' id='word_1_60' title='bbox 1186 1129 1357 1193; x_wconf 90' lang='lat' dir='ltr'>enim</span> <span class='ocrx_word' id='word_1_61' title='bbox 1402 1152 1468 1195; x_wconf 90' lang='grc' dir='ltr'>π.</span> <span class='ocrx_word' id='word_1_62' title='bbox 1506 1134 1989 1216; x_wconf 80' lang='grc' dir='ltr'><strong><em>φιλοπλουτίας</em></strong></span> <span class='ocrx_word' id='word_1_63' title='bbox 2025 1153 2073 1194; x_wconf 88' lang='grc'><strong>6.</strong></span> <span class='ocrx_word' id='word_1_64' title='bbox 2104 1133 2147 1196; x_wconf 90' lang='lat'>4</span> <span class='ocrx_word' id='word_1_65' title='bbox 2185 1153 2243 1214; x_wconf 90' lang='lat' dir='ltr'>p.</span> <span class='ocrx_word' id='word_1_66' title='bbox 2274 1131 2405 1196; x_wconf 81' lang='grc'>525</span> <span class='ocrx_word' id='word_1_67' title='bbox 2452 1131 2527 1194; x_wconf 94' lang='lat' dir='ltr'>de</span> <span class='ocrx_word' id='word_1_68' title='bbox 2576 1152 2651 1194; x_wconf 94' lang='lat' dir='ltr'>eo</span> <span class='ocrx_word' id='word_1_69' title='bbox 2699 1129 2813 1214; x_wconf 90' lang='lat' dir='ltr'>qui</span> 
     </span>
     <span class='ocr_line' id='line_1_9' title="bbox 461 1236 2815 1323; baseline 0 -22"><span class='ocrx_word' id='word_1_70' title='bbox 461 1260 594 1302; x_wconf 91' lang='lat' dir='ltr'>non</span> <span class='ocrx_word' id='word_1_71' title='bbox 639 1237 849 1302; x_wconf 78' lang='lat' dir='ltr'>utitur</span> <span class='ocrx_word' id='word_1_72' title='bbox 893 1236 988 1300; x_wconf 83' lang='lat' dir='ltr'>eis</span> <span class='ocrx_word' id='word_1_73' title='bbox 1033 1258 1196 1320; x_wconf 87' lang='lat' dir='ltr'>quae</span> <span class='ocrx_word' id='word_1_74' title='bbox 1242 1236 1466 1321; x_wconf 86' lang='lat' dir='ltr'>habet,</span> <span class='ocrx_word' id='word_1_75' title='bbox 1514 1237 1755 1301; x_wconf 87' lang='lat' dir='ltr'>dicitur</span> <span class='ocrx_word' id='word_1_76' title='bbox 1802 1236 1876 1302; x_wconf 79' lang='grc' dir='ltr'>ἐν</span> <span class='ocrx_word' id='word_1_77' title='bbox 1919 1249 2060 1313; x_wconf 79' lang='grc' dir='ltr'><strong><em>τοῖς</em></strong></span> <span class='ocrx_word' id='word_1_78' title='bbox 2104 1239 2545 1323; x_wconf 82' lang='grc' dir='ltr'><em>Θρασωνίδου</em></span> <span class='ocrx_word' id='word_1_79' title='bbox 2588 1249 2815 1313; x_wconf 78' lang='grc' dir='ltr'><strong><em>κακοῖς</em></strong></span> 
     </span>
     <span class='ocr_line' id='line_1_10' title="bbox 465 1345 674 1411; baseline -0.005 0"><span class='ocrx_word' id='word_1_80' title='bbox 465 1345 674 1411; x_wconf 79' lang='grc' dir='ltr'><strong><em>ἐστιν·</em></strong></span> 
     </span>
    </p>

    <p class='ocr_par' dir='ltr' id='par_1_3' title="bbox 824 1446 2435 1536">
     <span class='ocr_line' id='line_1_11' title="bbox 824 1446 2435 1536; baseline 0.002 -22"><span class='ocrx_word' id='word_1_81' title='bbox 824 1446 982 1536; x_wconf 86' lang='grc' dir='ltr'><strong><em>παρ’</em></strong></span> <span class='ocrx_word' id='word_1_82' title='bbox 1034 1447 1180 1535; x_wconf 79' lang='grc' dir='ltr'><strong><em>ἐμοὶ</em></strong></span> <span class='ocrx_word' id='word_1_83' title='bbox 1226 1451 1353 1536; x_wconf 78' lang='grc' dir='ltr'>γὰρ</span> <span class='ocrx_word' id='word_1_84' title='bbox 1402 1453 1582 1517; x_wconf 81' lang='grc' dir='ltr'><strong><em>ἔστιν</em></strong></span> <span class='ocrx_word' id='word_1_85' title='bbox 1629 1452 1858 1535; x_wconf 83' lang='grc' dir='ltr'><strong><em>ἔνδον,</em></strong></span> <span class='ocrx_word' id='word_1_86' title='bbox 1904 1449 2156 1529; x_wconf 78' lang='grc' dir='ltr'><strong><em>ἔξεστιν</em></strong></span> <span class='ocrx_word' id='word_1_87' title='bbox 2202 1449 2283 1515; x_wconf 81' lang='grc' dir='ltr'>δέ</span> <span class='ocrx_word' id='word_1_88' title='bbox 2323 1475 2435 1536; x_wconf 85' lang='grc' dir='ltr'>μοι</span> 
     </span>
    </p>

    <p class='ocr_par' dir='ltr' id='par_1_4' title="bbox 467 1552 1657 1768">
     <span class='ocr_line' id='line_1_12' title="bbox 824 1552 1657 1642; baseline 0.001 -20"><span class='ocrx_word' id='word_1_89' title='bbox 824 1555 936 1622; x_wconf 78' lang='grc' dir='ltr'>καὶ</span> <span class='ocrx_word' id='word_1_90' title='bbox 982 1558 1307 1642; x_wconf 87' lang='grc' dir='ltr'><strong><em>βούλομαι</em></strong></span> <span class='ocrx_word' id='word_1_91' title='bbox 1353 1552 1532 1623; x_wconf 86' lang='grc' dir='ltr'><strong><em>τοῦτ’</em></strong></span> <span class='ocrx_word' id='word_1_92' title='bbox 1580 1596 1657 1605; x_wconf 93' lang='lat'><em>-</em></span> 
     </span>
     <span class='ocr_line' id='line_1_13' title="bbox 467 1680 1584 1768; baseline 0.003 -21"><span class='ocrx_word' id='word_1_93' title='bbox 467 1684 557 1762; x_wconf 55' lang='grc' dir='ltr'>ὡνς</span> <span class='ocrx_word' id='word_1_94' title='bbox 601 1683 686 1748; x_wconf 73' lang='grc' dir='ltr'>ἂν</span> <span class='ocrx_word' id='word_1_95' title='bbox 731 1680 1184 1767; x_wconf 51' lang='grc' dir='ltr'><strong><em>*ἐμμανέσταί</em></strong></span> <span class='ocrx_word' id='word_1_96' title='bbox 1238 1681 1410 1768; x_wconf 80' lang='grc' dir='ltr'><strong><em>ἐρῶν</em></strong></span> <span class='ocrx_word' id='word_1_97' title='bbox 1453 1684 1584 1762; x_wconf 67' lang='grc' dir='ltr'>(σις’</span> 
     </span>
    </p>

    <p class='ocr_par' dir='ltr' id='par_1_5' title="bbox 1387 1791 2053 1879">
     <span class='ocr_line' id='line_1_14' title="bbox 1387 1791 2053 1879; baseline 0 -22"><span class='ocrx_word' id='word_1_98' title='bbox 1387 1822 1392 1827; x_wconf 86' lang='lat'><strong>·</strong></span> <span class='ocrx_word' id='word_1_99' title='bbox 1429 1829 1505 1837; x_wconf 94' lang='lat'><strong>—</strong></span> <span class='ocrx_word' id='word_1_100' title='bbox 1548 1792 1630 1857; x_wconf 80' lang='grc' dir='ltr'>οὐ</span> <span class='ocrx_word' id='word_1_101' title='bbox 1675 1804 1845 1857; x_wconf 83' lang='grc' dir='ltr'><strong><em>ποιῶ</em></strong></span> <span class='ocrx_word' id='word_1_102' title='bbox 1892 1791 2053 1879; x_wconf 57' lang='lat'>(582²)</span> 
     </span>
    </p>

    <p class='ocr_par' dir='ltr' id='par_1_6' title="bbox 462 1914 2835 3073">
     <span class='ocr_line' id='line_1_15' title="bbox 465 1914 2814 2002; baseline -0.001 -22"><span class='ocrx_word' id='word_1_103' title='bbox 465 1914 676 1980; x_wconf 84' lang='lat' dir='ltr'>Simili</span> <span class='ocrx_word' id='word_1_104' title='bbox 707 1939 742 1980; x_wconf 92' lang='lat' dir='ltr'>e</span> <span class='ocrx_word' id='word_1_105' title='bbox 768 1917 949 1980; x_wconf 86' lang='lat' dir='ltr'>fonte</span> <span class='ocrx_word' id='word_1_106' title='bbox 978 1914 1300 2000; x_wconf 83' lang='lat' dir='ltr'>fluxerint,</span> <span class='ocrx_word' id='word_1_107' title='bbox 1330 1938 1492 1999; x_wconf 87' lang='lat' dir='ltr'>quae</span> <span class='ocrx_word' id='word_1_108' title='bbox 1522 1917 1831 2002; x_wconf 84' lang='lat' dir='ltr'>leguntur</span> <span class='ocrx_word' id='word_1_109' title='bbox 1859 1918 1929 1982; x_wconf 90' lang='lat' dir='ltr'>in</span> <span class='ocrx_word' id='word_1_110' title='bbox 1956 1916 2335 2002; x_wconf 66' lang='lat' dir='ltr'>Epictdis‘s</span> <span class='ocrx_word' id='word_1_111' title='bbox 2352 1914 2465 2000; x_wconf 87' lang='lat' dir='ltr'>IV,</span> <span class='ocrx_word' id='word_1_112' title='bbox 2487 1918 2540 1999; x_wconf 91' lang='lat'>1,</span> <span class='ocrx_word' id='word_1_113' title='bbox 2565 1916 2814 1998; x_wconf 83' lang='grc'><strong>198(1(1.,</strong></span> 
     </span>
     <span class='ocr_line' id='line_1_16' title="bbox 464 2021 2815 2108; baseline -0.001 -21"><span class='ocrx_word' id='word_1_114' title='bbox 464 2023 579 2108; x_wconf 87' lang='lat' dir='ltr'>ubi</span> <span class='ocrx_word' id='word_1_115' title='bbox 636 2024 713 2087; x_wconf 91' lang='lat' dir='ltr'>de</span> <span class='ocrx_word' id='word_1_116' title='bbox 760 2021 1160 2087; x_wconf 84' lang='lat' dir='ltr'>Thrasonide</span> <span class='ocrx_word' id='word_1_117' title='bbox 1208 2022 1572 2107; x_wconf 83' lang='lat' dir='ltr'>exemplum</span> <span class='ocrx_word' id='word_1_118' title='bbox 1619 2024 1901 2089; x_wconf 86' lang='lat' dir='ltr'>sumitur</span> <span class='ocrx_word' id='word_1_119' title='bbox 1947 2023 2281 2089; x_wconf 83' lang='lat' dir='ltr'>servitutis</span> <span class='ocrx_word' id='word_1_120' title='bbox 2335 2021 2675 2086; x_wconf 91' lang='lat' dir='ltr'>hominum</span> <span class='ocrx_word' id='word_1_121' title='bbox 2720 2021 2815 2085; x_wconf 88' lang='lat' dir='ltr'>ita</span> 
     </span>
     <span class='ocr_line' id='line_1_17' title="bbox 462 2128 2814 2221; baseline 0 -28"><span class='ocrx_word' id='word_1_122' title='bbox 462 2134 538 2193; x_wconf 90' lang='lat' dir='ltr'>ut</span> <span class='ocrx_word' id='word_1_123' title='bbox 582 2128 786 2194; x_wconf 88' lang='lat' dir='ltr'>totius</span> <span class='ocrx_word' id='word_1_124' title='bbox 833 2130 1089 2194; x_wconf 85' lang='lat' dir='ltr'>fabulae</span> <span class='ocrx_word' id='word_1_125' title='bbox 1135 2129 1409 2194; x_wconf 86' lang='lat' dir='ltr'>materia</span> <span class='ocrx_word' id='word_1_126' title='bbox 1455 2131 1813 2197; x_wconf 90' lang='lat' dir='ltr'>delineetur</span> <span class='ocrx_word' id='word_1_127' title='bbox 1824 2130 1904 2221; x_wconf 76' lang='lat'>³):</span> <span class='ocrx_word' id='word_1_128' title='bbox 1950 2133 2151 2209; x_wconf 75' lang='grc' dir='ltr'><strong><em>τάλας</em></strong></span> <span class='ocrx_word' id='word_1_129' title='bbox 2193 2169 2265 2177; x_wconf 90' lang='grc'>-</span> <span class='ocrx_word' id='word_1_130' title='bbox 2311 2130 2404 2195; x_wconf 89' lang='lat' dir='ltr'>sic</span> <span class='ocrx_word' id='word_1_131' title='bbox 2440 2129 2613 2193; x_wconf 90' lang='lat' dir='ltr'>enim</span> <span class='ocrx_word' id='word_1_132' title='bbox 2648 2129 2814 2194; x_wconf 87' lang='lat' dir='ltr'>vitu-</span> 
     </span>
     <span class='ocr_line' id='line_1_18' title="bbox 463 2234 2835 2323; baseline 0.001 -24"><span class='ocrx_word' id='word_1_133' title='bbox 463 2241 729 2320; x_wconf 88' lang='lat' dir='ltr'>peratur</span> <span class='ocrx_word' id='word_1_134' title='bbox 770 2274 846 2283; x_wconf 97' lang='lat'><strong>—</strong></span> <span class='ocrx_word' id='word_1_135' title='bbox 891 2237 965 2314; x_wconf 81' lang='grc' dir='ltr'>ὅς</span> <span class='ocrx_word' id='word_1_136' title='bbox 1010 2260 1085 2320; x_wconf 81' lang='grc' dir='ltr'>γε</span> <span class='ocrx_word' id='word_1_137' title='bbox 1129 2234 1239 2301; x_wconf 84' lang='grc' dir='ltr'>καὶ</span> <span class='ocrx_word' id='word_1_138' title='bbox 1283 2238 1755 2323; x_wconf 77' lang='grc' dir='ltr'><strong><em>παιδισκαρίου</em></strong></span> <span class='ocrx_word' id='word_1_139' title='bbox 1802 2240 2043 2315; x_wconf 78' lang='grc' dir='ltr'><strong><em>δοῦλος</em></strong></span> <span class='ocrx_word' id='word_1_140' title='bbox 2089 2234 2151 2304; x_wconf 83' lang='grc' dir='ltr'>εἷ</span> <span class='ocrx_word' id='word_1_141' title='bbox 2192 2235 2301 2302; x_wconf 85' lang='grc' dir='ltr'>καὶ</span> <span class='ocrx_word' id='word_1_142' title='bbox 2346 2238 2835 2321; x_wconf 77' lang='grc' dir='ltr'><strong><em>παιδισκαρίου·</em></strong></span> 
     </span>
     <span class='ocr_line' id='line_1_19' title="bbox 463 2342 2811 2431; baseline -0 -23"><span class='ocrx_word' id='word_1_143' title='bbox 463 2344 787 2421; x_wconf 83' lang='grc' dir='ltr'><strong><em>εὐτελοῦς.</em></strong></span> <span class='ocrx_word' id='word_1_144' title='bbox 851 2342 1107 2429; x_wconf 71' lang='lat' dir='ltr'>&#39;Neque</span> <span class='ocrx_word' id='word_1_145' title='bbox 1151 2343 1390 2407; x_wconf 87' lang='lat' dir='ltr'>mirum</span> <span class='ocrx_word' id='word_1_146' title='bbox 1437 2349 1562 2431; x_wconf 85' lang='lat' dir='ltr'>est,</span> <span class='ocrx_word' id='word_1_147' title='bbox 1620 2348 1793 2429; x_wconf 77' lang='lat' dir='ltr'>quod</span> <span class='ocrx_word' id='word_1_148' title='bbox 1846 2346 1951 2411; x_wconf 86' lang='lat' dir='ltr'>vel</span> <span class='ocrx_word' id='word_1_149' title='bbox 2003 2344 2072 2409; x_wconf 89' lang='lat' dir='ltr'>in</span> <span class='ocrx_word' id='word_1_150' title='bbox 2118 2344 2314 2410; x_wconf 83' lang='lat' dir='ltr'>Clem.</span> <span class='ocrx_word' id='word_1_151' title='bbox 2355 2344 2536 2408; x_wconf 84' lang='lat' dir='ltr'>Alex.</span> <span class='ocrx_word' id='word_1_152' title='bbox 2578 2342 2811 2408; x_wconf 86' lang='lat' dir='ltr'>Strom.</span> 
     </span>
     <span class='ocr_line' id='line_1_20' title="bbox 464 2448 2812 2536; baseline 0 -20"><span class='ocrx_word' id='word_1_153' title='bbox 464 2453 523 2536; x_wconf 80' lang='lat'>2,</span> <span class='ocrx_word' id='word_1_154' title='bbox 567 2452 666 2536; x_wconf 85' lang='lat'>15,</span> <span class='ocrx_word' id='word_1_155' title='bbox 708 2452 835 2516; x_wconf 87' lang='grc'>164</span> <span class='ocrx_word' id='word_1_156' title='bbox 881 2450 1052 2515; x_wconf 89' lang='lat' dir='ltr'>idem</span> <span class='ocrx_word' id='word_1_157' title='bbox 1099 2452 1465 2535; x_wconf 86' lang='lat' dir='ltr'>exemplum</span> <span class='ocrx_word' id='word_1_158' title='bbox 1511 2451 1874 2517; x_wconf 79' lang='lat' dir='ltr'>invenimus</span> <span class='ocrx_word' id='word_1_159' title='bbox 1919 2452 2093 2517; x_wconf 90' lang='lat' dir='ltr'>inter</span> <span class='ocrx_word' id='word_1_160' title='bbox 2145 2450 2445 2515; x_wconf 87' lang='lat' dir='ltr'>mulieres</span> <span class='ocrx_word' id='word_1_161' title='bbox 2494 2448 2716 2536; x_wconf 79' lang='lat' dir='ltr'>quas4)</span> <span class='ocrx_word' id='word_1_162' title='bbox 2772 2450 2812 2534; x_wconf 83' lang='grc' dir='ltr'>ἡ</span> 
     </span>
     <span class='ocr_line' id='line_1_21' title="bbox 465 2557 2813 2647; baseline 0 -24"><span class='ocrx_word' id='word_1_163' title='bbox 465 2557 787 2643; x_wconf 79' lang='grc' dir='ltr'><strong><em>ἐπιθυμία</em></strong></span> <span class='ocrx_word' id='word_1_164' title='bbox 829 2560 1179 2647; x_wconf 74' lang='grc' dir='ltr'><strong><em>τραγῳδεῖ·</em></strong></span> <span class='ocrx_word' id='word_1_165' title='bbox 1226 2561 1347 2625; x_wconf 91' lang='grc' dir='ltr'>τὸν</span> <span class='ocrx_word' id='word_1_166' title='bbox 1381 2560 1508 2644; x_wconf 79' lang='grc' dir='ltr'>γὰρ</span> <span class='ocrx_word' id='word_1_167' title='bbox 1545 2562 1840 2645; x_wconf 84' lang='grc' dir='ltr'><strong><em>κωμικὸν</em></strong></span> <span class='ocrx_word' id='word_1_168' title='bbox 1877 2558 2134 2625; x_wconf 80' lang='grc' dir='ltr'><strong><em>ἐκεῖνον</em></strong></span> <span class='ocrx_word' id='word_1_169' title='bbox 2174 2559 2613 2644; x_wconf 80' lang='grc' dir='ltr'><strong><em>Θρασωνίδην</em></strong></span> <span class='ocrx_word' id='word_1_170' title='bbox 2648 2560 2813 2640; x_wconf 80' lang='grc' dir='ltr'><strong><em>ἄλλη</em></strong></span> 
     </span>
     <span class='ocr_line' id='line_1_22' title="bbox 465 2662 2812 2750; baseline 0 -22"><span class='ocrx_word' id='word_1_171' title='bbox 465 2666 702 2747; x_wconf 84' lang='grc' dir='ltr'><strong><em>σκηνή·</em></strong></span> <span class='ocrx_word' id='word_1_172' title='bbox 775 2665 1244 2749; x_wconf 74' lang='grc' dir='ltr'><strong><em>παιδισκάριόν</em></strong></span> <span class='ocrx_word' id='word_1_173' title='bbox 1316 2688 1425 2750; x_wconf 84' lang='grc' dir='ltr'>με,</span> <span class='ocrx_word' id='word_1_174' title='bbox 1500 2670 1738 2750; x_wconf 86' lang='grc' dir='ltr'><strong><em>φησίν,</em></strong></span> <span class='ocrx_word' id='word_1_175' title='bbox 1814 2662 2071 2742; x_wconf 73' lang='grc' dir='ltr'><strong><em>εὐτελὲς</em></strong></span> <span class='ocrx_word' id='word_1_176' title='bbox 2138 2666 2737 2730; x_wconf 84' lang='grc' dir='ltr'><strong><em>καταδεδούλωκεν.</em></strong></span> <span class='ocrx_word' id='word_1_177' title='bbox 2758 2662 2812 2750; x_wconf 73' lang='lat'>⁵)</span> 
     </span>
     <span class='ocr_line' id='line_1_23' title="bbox 467 2756 2814 2858; baseline 0.001 -25"><span class='ocrx_word' id='word_1_178' title='bbox 467 2756 711 2833; x_wconf 79' lang='lat' dir='ltr'>Contra</span> <span class='ocrx_word' id='word_1_179' title='bbox 761 2769 1022 2835; x_wconf 84' lang='lat' dir='ltr'>Persius</span> <span class='ocrx_word' id='word_1_180' title='bbox 1074 2768 1182 2858; x_wconf 87' lang='lat' dir='ltr'>(V,</span> <span class='ocrx_word' id='word_1_181' title='bbox 1233 2773 1354 2836; x_wconf 84' lang='lat'>161</span> <span class='ocrx_word' id='word_1_182' title='bbox 1382 2770 1506 2858; x_wconf 86' lang='lat' dir='ltr'>sq.)</span> <span class='ocrx_word' id='word_1_183' title='bbox 1561 2770 1937 2856; x_wconf 74' lang='lat' dir='ltr'>Horatium,</span> <span class='ocrx_word' id='word_1_184' title='bbox 1999 2793 2133 2840; x_wconf 86' lang='lat' dir='ltr'>non</span> <span class='ocrx_word' id='word_1_185' title='bbox 2187 2770 2504 2835; x_wconf 84' lang='lat' dir='ltr'>Graecum</span> <span class='ocrx_word' id='word_1_186' title='bbox 2566 2772 2814 2836; x_wconf 86' lang='lat' dir='ltr'>fontem</span> 
     </span>
     <span class='ocr_line' id='line_1_24' title="bbox 466 2876 2812 2963; baseline 0.001 -23"><span class='ocrx_word' id='word_1_187' title='bbox 466 2876 777 2962; x_wconf 84' lang='lat' dir='ltr'>sequitur,</span> <span class='ocrx_word' id='word_1_188' title='bbox 814 2899 961 2941; x_wconf 93' lang='lat' dir='ltr'>cum</span> <span class='ocrx_word' id='word_1_189' title='bbox 988 2876 1325 2941; x_wconf 85' lang='lat' dir='ltr'>Menandri</span> <span class='ocrx_word' id='word_1_190' title='bbox 1353 2877 1657 2942; x_wconf 83' lang='lat' dir='ltr'>Eunuchi</span> <span class='ocrx_word' id='word_1_191' title='bbox 1695 2901 1953 2943; x_wconf 79' lang='lat' dir='ltr'>scenam</span> <span class='ocrx_word' id='word_1_192' title='bbox 1979 2901 2096 2963; x_wconf 93' lang='lat' dir='ltr'>pro</span> <span class='ocrx_word' id='word_1_193' title='bbox 2124 2878 2513 2943; x_wconf 86' lang='lat' dir='ltr'>Terentiana</span> <span class='ocrx_word' id='word_1_194' title='bbox 2539 2878 2812 2963; x_wconf 79' lang='lat' dir='ltr'>reponit.</span> 
     </span>
     <span class='ocr_line' id='line_1_25' title="bbox 470 2983 1829 3073; baseline 0.002 -24"><span class='ocrx_word' id='word_1_195' title='bbox 470 3022 547 3031; x_wconf 89' lang='lat'>—-</span> <span class='ocrx_word' id='word_1_196' title='bbox 590 2984 895 3050; x_wconf 86' lang='lat' dir='ltr'>Ceterum</span> <span class='ocrx_word' id='word_1_197' title='bbox 940 2984 1156 3050; x_wconf 87' lang='lat' dir='ltr'>nescio</span> <span class='ocrx_word' id='word_1_198' title='bbox 1205 3007 1289 3048; x_wconf 86' lang='lat' dir='ltr'>an</span> <span class='ocrx_word' id='word_1_199' title='bbox 1333 2984 1496 3049; x_wconf 89' lang='lat' dir='ltr'>illud</span> <span class='ocrx_word' id='word_1_200' title='bbox 1543 2983 1628 3073; x_wconf 83' lang='lat' dir='ltr'>(v.</span> <span class='ocrx_word' id='word_1_201' title='bbox 1670 2986 1829 3072; x_wconf 78' lang='lat'>275)</span> 
     </span>
    </p>
   </div>
   <div class='ocr_carea' id='block_1_3' title="bbox 953 3112 2299 3301">
    <p class='ocr_par' dir='ltr' id='par_1_7' title="bbox 953 3112 2299 3301">
     <span class='ocr_line' id='line_1_26' title="bbox 1375 3112 1871 3176; baseline 0.004 -2"><span class='ocrx_word' id='word_1_202' title='bbox 1375 3112 1554 3175; x_wconf 76' lang='lat' dir='ltr'>Adde</span> <span class='ocrx_word' id='word_1_203' title='bbox 1595 3132 1871 3176; x_wconf 77' lang='lat' dir='ltr'>cruorem</span> 
     </span>
     <span class='ocr_line' id='line_1_27' title="bbox 953 3217 2299 3301; baseline -0.001 -18"><span class='ocrx_word' id='word_1_204' title='bbox 953 3217 1268 3283; x_wconf 74' lang='lat' dir='ltr'>stultitiae</span> <span class='ocrx_word' id='word_1_205' title='bbox 1310 3222 1491 3300; x_wconf 78' lang='lat' dir='ltr'>atque</span> <span class='ocrx_word' id='word_1_206' title='bbox 1533 3220 1736 3301; x_wconf 72' lang='lat' dir='ltr'>iynem</span> <span class='ocrx_word' id='word_1_207' title='bbox 1774 3219 1985 3301; x_wconf 74' lang='lat' dir='ltr'>yladio</span> <span class='ocrx_word' id='word_1_208' title='bbox 2027 3224 2299 3284; x_wconf 79' lang='lat' dir='ltr'>scrutare</span> 
     </span>
    </p>
   </div>
   <div class='ocr_carea' id='block_1_4' title="bbox 466 3372 886 3379">
    <p class='ocr_par' dir='ltr' id='par_1_8' title="bbox 466 3372 886 3379">
     <span class='ocr_line' id='line_1_28' title="bbox 466 3372 886 3379; baseline 0 1788"><span class='ocrx_word' id='word_1_209' title='bbox 466 3372 886 3379; x_wconf 95' lang='lat' dir='ltr'> </span> 
     </span>
    </p>
   </div>
   <div class='ocr_carea' id='block_1_5' title="bbox 385 3480 2809 4612">
    <p class='ocr_par' dir='ltr' id='par_1_9' title="bbox 609 3480 1867 3549">
     <span class='ocr_line' id='line_1_29' title="bbox 609 3480 1867 3549; baseline 0.004 -16"><span class='ocrx_word' id='word_1_210' title='bbox 609 3481 662 3549; x_wconf 92' lang='lat'>1)</span> <span class='ocrx_word' id='word_1_211' title='bbox 699 3480 782 3534; x_wconf 91' lang='lat' dir='ltr'>De</span> <span class='ocrx_word' id='word_1_212' title='bbox 816 3481 926 3535; x_wconf 83' lang='lat' dir='ltr'>hac</span> <span class='ocrx_word' id='word_1_213' title='bbox 959 3480 1160 3535; x_wconf 81' lang='lat' dir='ltr'>fabula</span> <span class='ocrx_word' id='word_1_214' title='bbox 1195 3481 1264 3537; x_wconf 72' lang='lat' dir='ltr'>cf.</span> <span class='ocrx_word' id='word_1_215' title='bbox 1302 3480 1462 3537; x_wconf 88' lang='lat' dir='ltr'>Kock</span> <span class='ocrx_word' id='word_1_216' title='bbox 1497 3481 1565 3538; x_wconf 82' lang='lat' dir='ltr'>fr.</span> <span class='ocrx_word' id='word_1_217' title='bbox 1595 3500 1733 3538; x_wconf 86' lang='lat' dir='ltr'>com.</span> <span class='ocrx_word' id='word_1_218' title='bbox 1773 3483 1867 3538; x_wconf 92' lang='lat' dir='ltr'>IV.</span> 
     </span>
    </p>

    <p class='ocr_par' dir='ltr' id='par_1_10' title="bbox 385 3566 2809 3999">
     <span class='ocr_line' id='line_1_30' title="bbox 607 3566 2809 3643; baseline 0.002 -21"><span class='ocrx_word' id='word_1_219' title='bbox 607 3570 662 3637; x_wconf 81' lang='lat'>2)</span> <span class='ocrx_word' id='word_1_220' title='bbox 700 3568 830 3623; x_wconf 85' lang='lat' dir='ltr'>Non</span> <span class='ocrx_word' id='word_1_221' title='bbox 883 3569 1114 3624; x_wconf 88' lang='lat' dir='ltr'>difficile</span> <span class='ocrx_word' id='word_1_222' title='bbox 1167 3573 1293 3625; x_wconf 83' lang='lat' dir='ltr'>erat</span> <span class='ocrx_word' id='word_1_223' title='bbox 1347 3588 1679 3643; x_wconf 81' lang='lat' dir='ltr'>cognoscere</span> <span class='ocrx_word' id='word_1_224' title='bbox 1731 3573 1907 3626; x_wconf 83' lang='lat' dir='ltr'>verba</span> <span class='ocrx_word' id='word_1_225' title='bbox 1960 3572 2033 3634; x_wconf 81' lang='grc' dir='ltr'>ὡς</span> <span class='ocrx_word' id='word_1_226' title='bbox 2065 3604 2132 3612; x_wconf 89' lang='lat'>—-</span> <span class='ocrx_word' id='word_1_227' title='bbox 2172 3566 2403 3643; x_wconf 79' lang='grc' dir='ltr'><strong><em>ἐρῶντες</em></strong></span> <span class='ocrx_word' id='word_1_228' title='bbox 2454 3572 2517 3625; x_wconf 87' lang='grc'>111</span> <span class='ocrx_word' id='word_1_229' title='bbox 2568 3574 2809 3627; x_wconf 84' lang='lat' dir='ltr'>metrum</span> 
     </span>
     <span class='ocr_line' id='line_1_31' title="bbox 467 3656 2809 3732; baseline 0.004 -24"><span class='ocrx_word' id='word_1_230' title='bbox 467 3656 768 3725; x_wconf 82' lang='lat' dir='ltr'>quadrare:</span> <span class='ocrx_word' id='word_1_231' title='bbox 825 3658 1109 3715; x_wconf 79' lang='lat' dir='ltr'>difficilius</span> <span class='ocrx_word' id='word_1_232' title='bbox 1165 3660 1242 3714; x_wconf 81' lang='lat' dir='ltr'>sit</span> <span class='ocrx_word' id='word_1_233' title='bbox 1297 3660 1601 3731; x_wconf 81' lang='lat' dir='ltr'>explicare,</span> <span class='ocrx_word' id='word_1_234' title='bbox 1660 3660 1797 3729; x_wconf 91' lang='lat' dir='ltr'>quid</span> <span class='ocrx_word' id='word_1_235' title='bbox 1845 3661 1956 3716; x_wconf 83' lang='lat' dir='ltr'>sibi</span> <span class='ocrx_word' id='word_1_236' title='bbox 2017 3661 2182 3731; x_wconf 85' lang='lat' dir='ltr'>velit,</span> <span class='ocrx_word' id='word_1_237' title='bbox 2237 3663 2389 3732; x_wconf 90' lang='lat' dir='ltr'>quod</span> <span class='ocrx_word' id='word_1_238' title='bbox 2434 3661 2809 3717; x_wconf 82' lang='lat' dir='ltr'>Thrasonides</span> 
     </span>
     <span class='ocr_line' id='line_1_32' title="bbox 467 3744 2808 3822; baseline 0.003 -24"><span class='ocrx_word' id='word_1_239' title='bbox 467 3744 631 3815; x_wconf 87' lang='lat' dir='ltr'>dicit,</span> <span class='ocrx_word' id='word_1_240' title='bbox 679 3762 738 3799; x_wconf 88' lang='grc'><strong>86</strong></span> <span class='ocrx_word' id='word_1_241' title='bbox 777 3746 963 3802; x_wconf 88' lang='lat' dir='ltr'>facere</span> <span class='ocrx_word' id='word_1_242' title='bbox 999 3748 1150 3818; x_wconf 90' lang='lat' dir='ltr'>quod</span> <span class='ocrx_word' id='word_1_243' title='bbox 1187 3767 1375 3804; x_wconf 90' lang='lat' dir='ltr'>amore</span> <span class='ocrx_word' id='word_1_244' title='bbox 1416 3749 1761 3805; x_wconf 76' lang='lat' dir='ltr'>insanientes</span> <span class='ocrx_word' id='word_1_245' title='bbox 1793 3784 1856 3791; x_wconf 92' lang='lat'><strong>—</strong></span> <span class='ocrx_word' id='word_1_246' title='bbox 1886 3768 2070 3805; x_wconf 89' lang='lat' dir='ltr'>nonne</span> <span class='ocrx_word' id='word_1_247' title='bbox 2106 3751 2228 3821; x_wconf 86' lang='lat' dir='ltr'>ipse</span> <span class='ocrx_word' id='word_1_248' title='bbox 2266 3747 2632 3821; x_wconf 78' lang='grc' dir='ltr'><strong><em>ἐμμανέστατ’</em></strong></span> <span class='ocrx_word' id='word_1_249' title='bbox 2666 3748 2808 3822; x_wconf 77' lang='grc' dir='ltr'><strong><em>ἐρῶν</em></strong></span> 
     </span>
     <span class='ocr_line' id='line_1_33' title="bbox 385 3835 2809 3910; baseline 0.003 -23"><span class='ocrx_word' id='word_1_250' title='bbox 385 3853 392 3862; x_wconf 95' lang='grc'><em>·</em></span> <span class='ocrx_word' id='word_1_251' title='bbox 465 3854 548 3897; x_wconf 84' lang='grc' dir='ltr'>τις</span> <span class='ocrx_word' id='word_1_252' title='bbox 584 3836 687 3905; x_wconf 86' lang='lat' dir='ltr'>est,</span> <span class='ocrx_word' id='word_1_253' title='bbox 725 3835 816 3889; x_wconf 92' lang='lat' dir='ltr'>cui</span> <span class='ocrx_word' id='word_1_254' title='bbox 844 3840 1200 3906; x_wconf 86' lang='lat' dir='ltr'>comparatur</span> <span class='ocrx_word' id='word_1_255' title='bbox 1229 3837 1385 3894; x_wconf 83' lang='lat' dir='ltr'>dives</span> <span class='ocrx_word' id='word_1_256' title='bbox 1421 3838 1558 3894; x_wconf 71' lang='lat' dir='ltr'>ine?</span> <span class='ocrx_word' id='word_1_257' title='bbox 1613 3841 1680 3894; x_wconf 91' lang='lat' dir='ltr'>Id</span> <span class='ocrx_word' id='word_1_258' title='bbox 1708 3841 1859 3909; x_wconf 89' lang='lat' dir='ltr'>quod</span> <span class='ocrx_word' id='word_1_259' title='bbox 1894 3840 1983 3895; x_wconf 79' lang='lat' dir='ltr'>his</span> <span class='ocrx_word' id='word_1_260' title='bbox 2021 3840 2224 3909; x_wconf 81' lang='lat' dir='ltr'>verbis,</span> <span class='ocrx_word' id='word_1_261' title='bbox 2268 3839 2407 3910; x_wconf 85' lang='lat' dir='ltr'>ipsis</span> <span class='ocrx_word' id='word_1_262' title='bbox 2449 3858 2480 3895; x_wconf 92' lang='lat' dir='ltr'>e</span> <span class='ocrx_word' id='word_1_263' title='bbox 2517 3841 2809 3895; x_wconf 85' lang='lat' dir='ltr'>comoedia</span> 
     </span>
     <span class='ocr_line' id='line_1_34' title="bbox 465 3923 1600 3999; baseline 0.007 -22"><span class='ocrx_word' id='word_1_264' title='bbox 465 3923 835 3995; x_wconf 79' lang='lat' dir='ltr'>depromptis,</span> <span class='ocrx_word' id='word_1_265' title='bbox 873 3925 1084 3995; x_wconf 85' lang='lat' dir='ltr'>optime</span> <span class='ocrx_word' id='word_1_266' title='bbox 1119 3925 1202 3981; x_wconf 86' lang='grc'>816</span> <span class='ocrx_word' id='word_1_267' title='bbox 1239 3928 1600 3999; x_wconf 84' lang='lat' dir='ltr'>significatur.</span> 
     </span>
    </p>

    <p class='ocr_par' dir='ltr' id='par_1_11' title="bbox 461 4013 2803 4177">
     <span class='ocr_line' id='line_1_35' title="bbox 607 4013 2803 4090; baseline 0.003 -23"><span class='ocrx_word' id='word_1_268' title='bbox 607 4016 662 4084; x_wconf 89' lang='lat'>3)</span> <span class='ocrx_word' id='word_1_269' title='bbox 701 4013 970 4069; x_wconf 88' lang='lat' dir='ltr'>Similiter</span> <span class='ocrx_word' id='word_1_270' title='bbox 1008 4015 1211 4085; x_wconf 84' lang='lat' dir='ltr'>Oedipi</span> <span class='ocrx_word' id='word_1_271' title='bbox 1253 4016 1452 4071; x_wconf 85' lang='lat' dir='ltr'>fabula</span> <span class='ocrx_word' id='word_1_272' title='bbox 1497 4021 1815 4089; x_wconf 84' lang='lat' dir='ltr'>enarratur,</span> <span class='ocrx_word' id='word_1_273' title='bbox 1862 4021 1928 4072; x_wconf 86' lang='lat' dir='ltr'>ut</span> <span class='ocrx_word' id='word_1_274' title='bbox 1970 4017 2439 4089; x_wconf 76' lang='grc' dir='ltr'><strong><em>πολυπράγμονος</em></strong></span> <span class='ocrx_word' id='word_1_275' title='bbox 2483 4021 2803 4090; x_wconf 84' lang='lat' dir='ltr'>exemplum</span> 
     </span>
     <span class='ocr_line' id='line_1_36' title="bbox 461 4103 1445 4177; baseline 0.007 -21"><span class='ocrx_word' id='word_1_276' title='bbox 461 4103 737 4173; x_wconf 79' lang='lat' dir='ltr'>praebeat</span> <span class='ocrx_word' id='word_1_277' title='bbox 771 4106 850 4175; x_wconf 88' lang='grc' dir='ltr'>(π.</span> <span class='ocrx_word' id='word_1_278' title='bbox 878 4108 1226 4176; x_wconf 80' lang='grc' dir='ltr'><strong><em>πολυπραγμ.</em></strong></span> <span class='ocrx_word' id='word_1_279' title='bbox 1263 4123 1308 4162; x_wconf 80' lang='lat' dir='ltr'>e.</span> <span class='ocrx_word' id='word_1_280' title='bbox 1345 4110 1445 4177; x_wconf 87' lang='lat'>14).</span> 
     </span>
    </p>

    <p class='ocr_par' dir='ltr' id='par_1_12' title="bbox 463 4184 2802 4442">
     <span class='ocr_line' id='line_1_37' title="bbox 605 4184 2802 4267; baseline 0.004 -20"><span class='ocrx_word' id='word_1_281' title='bbox 605 4195 661 4262; x_wconf 83' lang='lat'>4)</span> <span class='ocrx_word' id='word_1_282' title='bbox 699 4192 996 4263; x_wconf 79' lang='lat' dir='ltr'>Eriphyles</span> <span class='ocrx_word' id='word_1_283' title='bbox 1023 4195 1341 4264; x_wconf 87' lang='lat' dir='ltr'>exemplum</span> <span class='ocrx_word' id='word_1_284' title='bbox 1369 4195 1640 4251; x_wconf 81' lang='lat' dir='ltr'>sollemne</span> <span class='ocrx_word' id='word_1_285' title='bbox 1668 4199 1778 4263; x_wconf 81' lang='lat' dir='ltr'>est3</span> <span class='ocrx_word' id='word_1_286' title='bbox 1808 4197 1889 4252; x_wconf 88' lang='grc'>618</span> <span class='ocrx_word' id='word_1_287' title='bbox 1918 4214 2064 4265; x_wconf 89' lang='lat' dir='ltr'>quae</span> <span class='ocrx_word' id='word_1_288' title='bbox 2073 4197 2396 4252; x_wconf 88' lang='lat' dir='ltr'>Wendland</span> <span class='ocrx_word' id='word_1_289' title='bbox 2422 4184 2639 4267; x_wconf 82' lang='lat' dir='ltr'>quaest.</span> <span class='ocrx_word' id='word_1_290' title='bbox 2660 4201 2802 4256; x_wconf 77' lang='lat' dir='ltr'>Mus,</span> 
     </span>
     <span class='ocr_line' id='line_1_38' title="bbox 463 4282 2802 4355; baseline 0.003 -20"><span class='ocrx_word' id='word_1_291' title='bbox 463 4299 518 4349; x_wconf 88' lang='lat' dir='ltr'>p.</span> <span class='ocrx_word' id='word_1_292' title='bbox 540 4288 605 4335; x_wconf 83' lang='lat'>19</span> <span class='ocrx_word' id='word_1_293' title='bbox 643 4282 770 4338; x_wconf 79' lang='lat' dir='ltr'>adn.</span> <span class='ocrx_word' id='word_1_294' title='bbox 796 4288 825 4336; x_wconf 94' lang='lat'>1</span> <span class='ocrx_word' id='word_1_295' title='bbox 864 4282 1096 4353; x_wconf 84' lang='lat' dir='ltr'>collegit</span> <span class='ocrx_word' id='word_1_296' title='bbox 1129 4283 1267 4338; x_wconf 82' lang='lat' dir='ltr'>locis</span> <span class='ocrx_word' id='word_1_297' title='bbox 1306 4285 1484 4339; x_wconf 82' lang='lat' dir='ltr'>addas</span> <span class='ocrx_word' id='word_1_298' title='bbox 1513 4286 1760 4341; x_wconf 85' lang='lat' dir='ltr'>Musonii</span> <span class='ocrx_word' id='word_1_299' title='bbox 1798 4288 2080 4355; x_wconf 82' lang='lat' dir='ltr'>quendam</span> <span class='ocrx_word' id='word_1_300' title='bbox 2107 4286 2206 4355; x_wconf 91' lang='lat' dir='ltr'>qui</span> <span class='ocrx_word' id='word_1_301' title='bbox 2233 4290 2489 4343; x_wconf 81' lang='lat' dir='ltr'>servatur</span> <span class='ocrx_word' id='word_1_302' title='bbox 2516 4288 2670 4344; x_wconf 85' lang='lat' dir='ltr'>Stob.</span> <span class='ocrx_word' id='word_1_303' title='bbox 2701 4290 2802 4343; x_wconf 91' lang='lat' dir='ltr'>ecl.</span> 
     </span>
     <span class='ocr_line' id='line_1_39' title="bbox 465 4369 811 4442; baseline 0.017 -20"><span class='ocrx_word' id='word_1_304' title='bbox 465 4369 531 4437; x_wconf 89' lang='grc' dir='ltr'>Π,</span> <span class='ocrx_word' id='word_1_305' title='bbox 569 4376 654 4442; x_wconf 83' lang='grc'>31,</span> <span class='ocrx_word' id='word_1_306' title='bbox 695 4377 811 4428; x_wconf 82' lang='lat'>123.</span> 
     </span>
    </p>

    <p class='ocr_par' dir='ltr' id='par_1_13' title="bbox 607 4460 2802 4537">
     <span class='ocr_line' id='line_1_40' title="bbox 607 4460 2802 4537; baseline 0.003 -24"><span class='ocrx_word' id='word_1_307' title='bbox 607 4462 660 4529; x_wconf 83' lang='lat'>5)</span> <span class='ocrx_word' id='word_1_308' title='bbox 679 4460 729 4515; x_wconf 87' lang='lat' dir='ltr'>A</span> <span class='ocrx_word' id='word_1_309' title='bbox 756 4461 978 4531; x_wconf 79' lang='lat' dir='ltr'>Cynicis</span> <span class='ocrx_word' id='word_1_310' title='bbox 1007 4462 1182 4517; x_wconf 83' lang='lat' dir='ltr'>etiam</span> <span class='ocrx_word' id='word_1_311' title='bbox 1209 4463 1385 4519; x_wconf 85' lang='lat' dir='ltr'>Stoici</span> <span class='ocrx_word' id='word_1_312' title='bbox 1413 4466 1730 4535; x_wconf 83' lang='lat' dir='ltr'>exemplum</span> <span class='ocrx_word' id='word_1_313' title='bbox 1757 4468 2085 4537; x_wconf 81' lang='lat' dir='ltr'>receperunt</span> <span class='ocrx_word' id='word_1_314' title='bbox 2104 4468 2308 4537; x_wconf 82' lang='lat' dir='ltr'>(Laert.</span> <span class='ocrx_word' id='word_1_315' title='bbox 2328 4466 2490 4537; x_wconf 87' lang='lat' dir='ltr'>Diog.</span> <span class='ocrx_word' id='word_1_316' title='bbox 2501 4466 2620 4536; x_wconf 88' lang='lat' dir='ltr'>VH,</span> <span class='ocrx_word' id='word_1_317' title='bbox 2644 4470 2802 4536; x_wconf 61' lang='lat'>130).</span> 
     </span>
    </p>

    <p class='ocr_par' dir='ltr' id='par_1_14' title="bbox 1818 4550 2375 4612">
     <span class='ocr_line' id='line_1_41' title="bbox 1818 4550 2375 4612; baseline 0.004 -2"><span class='ocrx_word' id='word_1_318' title='bbox 1818 4550 1829 4564; x_wconf 66' lang='lat'>⁸</span> <span class='ocrx_word' id='word_1_319' title='bbox 2343 4564 2375 4612; x_wconf 90' lang='lat'>8</span> 
     </span>
    </p>
   </div>
  </div>
 </body>
</html>
