3309 5167
1402 371 1831 435 -77-

450 535 548 595 est
592 529 1014 596 Musonianus
1062 529 1118 593 is
1127 580 1146 613 ,
1199 528 1312 613 qui
1356 528 1701 613 respondet
1746 528 1837 592 eis
1887 549 2051 612 quae
2095 550 2134 591 a
2177 528 2527 593 Plutarcho
2575 550 2707 614 cap.
2748 531 2784 594 7

443 642 878 723 exponuntur:
927 638 1071 702 ὅσοι
1118 632 1240 720 μὲν
1285 636 1411 722 γὰρ
1457 633 1650 721 ἀργοὶ
1695 633 1805 701 καὶ
1852 634 2175 720 ἀμήχανοι
2220 633 2330 700 καὶ
2378 636 2499 721 οὐχ
2545 628 2683 702 οἶοί
2718 660 2788 701 τε

444 744 894 830 ἀνδρίζεσθαι,
941 737 1125 809 οὗτοι
1171 738 1295 827 μὲν
1329 741 1456 807 κάν
1498 750 1577 827 τῇ
1624 743 1894 828 πατρίδι
1941 744 2129 820 ὄντες
2174 741 2543 828 ἀποροῦσιν
2589 742 2679 820 ὡς
2713 744 2788 807 τὸ

442 856 614 918 πολὺ
649 849 759 916 καὶ
790 850 1275 935 ἀμηχανοῦσιν·
1313 852 1383 914 οἱ
1415 846 1490 913 δὲ
1517 847 1812 931 γεννικοὶ
1841 847 1949 914 καὶ
1978 852 2335 934 φιλόπονοι
2362 848 2472 915 καὶ
2503 853 2789 933 συνετοί,

439 960 568 1024 κᾶν
621 960 772 1025 ὅποι
831 954 990 1024 ποτὲ
1045 960 1365 1040 ἔλθωσιν,
1430 956 1788 1041 εὐποροῦσι
1851 953 1961 1023 καὶ
2026 955 2378 1039 διάγουσιν
2441 956 2787 1033 ἀνενδεῶς.

443 1064 692 1142 Quibus
737 1064 904 1129 nihil
945 1063 1277 1130 Aristonei
1322 1063 1532 1128 inesse
1579 1068 1877 1148 apertum
1922 1068 2045 1148 est,
2103 1086 2491 1149 quamquam
2538 1068 2789 1128 senten-

442 1172 681 1237 tiarum
739 1173 896 1238 ordo
948 1171 1120 1237 idem
1174 1176 1274 1236 est
1319 1171 1489 1257 apud
1543 1175 1916 1256 utrumque:
1972 1169 2304 1235 Plutarchi
2352 1170 2523 1235 enim
2572 1169 2785 1235 verbis

443 1280 611 1343 ὅπου
672 1276 784 1344 καὶ
847 1278 976 1368 ὅτῳ
1039 1282 1324 1365 μετρίων
1388 1280 1553 1365 πρὸς
1615 1280 1736 1344 τὸν
1795 1280 1947 1363 βιόν
2013 1278 2322 1363 εὐπορεῖν
2376 1276 2788 1362 συμβέβηκεν

441 1386 830 1468 respondent
873 1384 1158 1451 Musunii
1211 1386 1395 1450 haec:
1449 1382 1561 1451 καὶ
1615 1386 1743 1470 γὰρ
1800 1381 1959 1450 οὐδὲ
2015 1386 2305 1469 δεόμεθα
2355 1390 2650 1469 πολλῶν,
2704 1384 2789 1451 ἂν

437 1492 529 1627 μὴ
577 1493 975 1577 βουλώμεθα
1020 1502 1311 1580 τρυφᾶν·

866 1597 1006 1666 ἐπεὶ
1051 1604 1122 1666 τί
1163 1602 1270 1665 δεῖ
1311 1604 1652 1688 βροτοῖσιν
1696 1601 1871 1684 πλὴν
1916 1601 2113 1665 δυοῖν
2158 1601 2389 1684 μόνον·

863 1709 1217 1795 Δήμητρος
1261 1706 1490 1792 ἀκτῆς,
1535 1702 1844 1792 πώματός
1888 1704 1962 1772 θ’
2013 1707 2378 1793 ὑδρηχόου,

866 1815 1029 1901 ἅπερ
1076 1815 1349 1902 πάρεστι
1393 1812 1504 1880 καὶ
1549 1812 1792 1899 πέφυχ’
1841 1813 2011 1899 ἡμᾶς
2054 1811 2353 1899 τρέφειν;

436 1920 676 2006 ,quibus
725 1921 1001 1987 formam
1045 1922 1228 1987 illam
1272 1922 1487 2007 ipsum
1523 1921 1897 1987 Musonium
1940 1920 2227 1986 induisse
2274 1920 2625 1985 verisimile
2670 1925 2787 2006 est,

298 2025 307 2027 ’
441 2050 587 2092 cum
624 2026 1064 2114 Chrysippum
1107 2028 1523 2114 potissimum
1569 2028 1703 2095 illis
1749 2028 2043 2095 versibus
2090 2051 2281 2093 usum
2330 2050 2471 2094 esse
2508 2028 2785 2093 sciamus

439 2134 635 2223 (Plut.
673 2139 745 2202 de
781 2136 966 2204 Stoie.
1002 2158 1122 2220 rep.
1163 2136 1304 2222 XX,
1335 2139 1374 2203 8
1421 2160 1481 2221 Ρ.
1523 2136 1743 2223 1043).
1827 2136 1981 2221 Ipsa
2026 2134 2347 2201 sententia
2393 2135 2462 2200 in
2510 2133 2785 2200 Senecae

439 2242 884 2309 consolatione
928 2244 1097 2310 redit
1143 2241 1495 2332 (0.1O‚1):
1553 2244 1937 2326 Quantulum
1982 2245 2147 2309 enim
2191 2249 2280 2309 est
2321 2245 2485 2326 quod
2524 2246 2596 2308 in
2642 2248 2787 2309 tute-

441 2352 570 2421 lam
614 2351 883 2417 hominis
917 2354 1332 2419 necessarium
1365 2352 1496 2417 est?
1542 2356 1600 2417 et
1632 2352 1735 2417 eui
1768 2353 1964 2417 deesse
2001 2351 2113 2417 hoe
2143 2356 2339 2433 potest
2378 2350 2577 2416 ullam
2612 2352 2787 2415 modo

437 2452 786 2525 virtutem
847 2459 1192 2525 habenti?
1240 2510 1254 2525 .
1289 2509 1308 2525 .
1365 2460 1640 2546 corporis
1707 2459 1933 2541 eoeiyua
1994 2459 2295 2525 desideria
2352 2462 2530 2524 sunt:
2581 2459 2788 2541 friyus

439 2565 778 2631 submoveri
819 2568 974 2646 vult,
1029 2568 1410 2633 alimentis
1461 2560 1731 2647 famem
1785 2586 1867 2631 ac
1920 2566 2127 2631 sitim
2172 2566 2625 2647 extinquere;
2672 2564 2786 2629 ubi

437 2671 798 2737 notandum
850 2695 990 2738 esse
1042 2674 1320 2758 videtur,
1377 2672 1690 2738 virtutem
1742 2672 1850 2738 hic
1905 2694 2037 2737 non
2086 2671 2267 2738 illam
2307 2695 2424 2758 per
2468 2672 2785 2737 rationem

446 2782 883 2861 computatam
930 2802 1086 2866 esse,
1133 2781 1243 2845 sed
1287 2802 1449 2866 quae
1494 2781 1566 2845 in
1609 2780 1748 2845 vita
1793 2779 2117 2845 cotidiana
2160 2783 2463 2845 tentetur.

625 2882 788 2949 Cum
824 2886 1026 2970 igitur
1061 2887 1410 2952 verisimile
1447 2886 1550 2973 sit,
1587 2886 1975 2953 Musoniana
2001 2892 2067 2952 et
2092 2886 2441 2953 Aristonea
2475 2887 2555 2951 ad
2583 2909 2784 2952 unum

441 2990 649 3055 redire
695 2991 944 3057 fontem
985 3029 1064 3041 -—
1109 2993 1221 3079 qui
1266 2994 1412 3079 quis
1457 2993 1657 3059 fuerit
1702 3017 2017 3080 expresse.
2041 2994 2167 3059 dici
2202 2994 2311 3060 vix
2358 3018 2518 3079 opus
2557 2999 2658 3059 est
2694 3032 2780 3043 —

439 3098 563 3163 hoc
608 3120 684 3164 eo
729 3100 1164 3186 confirmatur,
1212 3102 1406 3186 quod,
1429 3102 1682 3166 duobus
1718 3100 2053 3167 Plutarchi
2089 3101 2249 3167 locis
2288 3100 2528 3167 similia
2563 3101 2783 3187 legun-

439 3210 563 3291 tur,
607 3228 886 3291 quorum
921 3208 1088 3274 alter
1125 3208 1196 3273 in
1229 3208 1451 3274 libello
1490 3212 1719 3293 exstat5
1754 3208 1975 3295 „cuius
2013 3209 2171 3294 quin
2198 3231 2276 3274 ex
2303 3208 2507 3273 Bione
2538 3209 2782 3273 colores

440 3313 788 3403 sumpserit
852 3320 1079 3380 auctor
1139 3314 1313 3379 haud
1374 3313 1471 3379 ita
1531 3314 1813 3400 paucos“
1874 3337 2009 3380 non
2070 3315 2329 3380 dubitat
2390 3314 2609 3380 Hense
2676 3312 2781 3402 (cf.

440 3420 722 3506 prolegg.
761 3445 820 3506 p.
848 3420 1186 3487 LXXXIX
1221 3423 1424 3511 adn.)‚‘
1463 3444 1657 3507 quern
1694 3442 1812 3507 ego
1852 3421 2049 3487 etiam
2084 3420 2412 3487 Aristonis
2450 3422 2782 3508 ingenium

441 3526 700 3592 reddere
745 3529 1162 3613 putaverim:

443 3634 553 3698 An
595 3636 790 3701 vities.
835 3638 922 3703 ad
971 3637 1138 3718 infel.
1185 3638 1384 3721 suffic.
1424 3659 1473 3701 ο.
1510 3638 1556 3702 4
1663 3658 1863 3720 quom.
1900 3638 2058 3703 adol.
2100 3642 2250 3721 poet.
2298 3638 2441 3703 aud.
2488 3638 2612 3713 deb.
2650 3659 2699 3701 c.
2741 3637 2783 3701 5

440 3761 500 3823 Ρ.
539 3741 669 3806 499
690 3740 767 3806 D.
1665 3766 1725 3828 Ρ.
1756 3745 1841 3809 22
1863 3742 1930 3811 O.

437 3849 628 3924 ,τίνας
673 3842 798 3913 οὗν
832 3858 1037 3915 ταῦτα
1072 3853 1557 3936 κακοδαίμονας
1666 3851 1747 3916 οὐ
1798 3852 1923 3937 γὰρ
1970 3850 2194 3928 ἁπλῶς
2240 3844 2379 3916 εἷπε
2424 3848 2533 3914 καὶ
2579 3859 2782 3915 πᾶσιν

438 3966 643 4034 ποιεῖ;
715 3958 872 4034 τοὺς
944 3956 1386 4045 ἀνάνδρους
1445 3955 1555 4023 καὶ
1667 3957 2052 4043 ἀνθρώποις
2094 3958 2225 4023 ὑπὸ
2275 3963 2459 4022 θεῶν
2505 3955 2783 4023 ἐπεκλῶ-

433 4061 944 4147 -ἀλογίστους,
1029 4068 1186 4141 τοὺς
1271 4064 1557 4150 ἐνθρύ-
1667 4072 1829 4129 σθαι
1876 4066 2176 4151 λυπηρὸν
2221 4068 2394 4149 βίον,
2440 4062 2606 4129 ἀλλὰ
2642 4075 2783 4141 τοῖς

439 4190 680 4247 πτους
768 4169 878 4236 καὶ
979 4170 1558 4256 ἀγυμνάστους,
1666 4173 1958 4257 ἄφροσι
2028 4169 2137 4236 καὶ
2202 4170 2598 4254 ἀνοήτοις,
2665 4170 2783 4247 οὓς

440 4279 596 4354 τοὺς
624 4276 694 4342 ἐκ
720 4281 978 4360 νηπίων
1006 4278 1084 4357 ἃς
1112 4281 1334 4364 ἔχουσι
1363 4277 1558 4356 δόξας
1667 4279 2073 4355 δειλαίους
2117 4276 2226 4342 καὶ
2265 4279 2632 4363 οἰκτροὺς
2670 4278 2781 4341 διὰ

444 4384 910 4467 φυλάττοντας.
1666 4387 2045 4471 μοχθηρίαν
2073 4387 2269 4462 ὄντας
2298 4389 2495 4449 εἴωθε
2520 4385 2782 4462 δειλοὺς

1666 4489 1775 4556 καὶ
1814 4493 2119 4579 οἰζυροὺς
2153 4492 2690 4578 προσαγορεύειν.
