3309 5167
1517 340 1945 405 *62*-

643 500 814 563 o.12.
855 496 1022 565 ἀλλὰ
1045 498 1176 585 μὴν
1203 508 1318 588 τῷ·
1363 500 1672 589 Οὐκάρ-

552 629 792 690 χομεν
900 602 1084 671 οὐδὲ
1186 609 1673 694 βουλεύομεν

553 710 699 777 οὐδ’
738 711 1290 797 ἀγωνοθετοῦμεν
1328 713 1421 779 ἂν
1457 714 1672 780 ἀντι-

553 821 816 905 θῇςτὸ·
843 818 951 883 Οὐ
971 820 1671 907 στασιάζομεν,οὐκ

553 925 1081 1011 ἀναλίσκομεν
1162 924 1347 992 οὐδὲ
1431 948 1669 1016 προσ-

550 1034 956 1135 ηρτήμεθα
1027 1036 1319 1120 θύραις
1390 1036 1669 1123 ἡγεμό-

551 1165 703 1217 νος.

641 1591 688 1635 ο.
726 1572 821 1641 17,
873 1567 1018 1636 ἀλλ’
1063 1567 1500 1657 Ἀναξαγόρας
1545 1565 1669 1655 μὲν

551 1726 566 1741 .
588 1726 603 1741 .
633 1679 909 1764 ἔγραφε,
947 1677 1370 1762 Σωκράτης
1397 1674 1472 1742 δὲ
1499 1678 1669 1762 φάρ-

550 1808 762 1878 μακον
797 1788 1012 1850 πίνων
1053 1784 1522 1870 ἐφιλοσόφει
1555 1782 1667 1849 καὶ

549 1892 1670 1978 παρεκάλειφιλοσοφεῖντοὺς

552 2016 644 2064 συ
655 2000 747 2083 νή
757 2006 811 2064 θ
821 2022 852 2063 ε
865 2025 887 2063 ι
901 2025 934 2077 ς
1053 2000 1670 2084 εὐδαιμονιζόμενος

549 2104 662 2172 ὑπ’
736 2105 984 2172 αὐτῶν·
1076 2108 1212 2172 τὸν
1302 2104 1387 2171 δὲ
1472 2104 1667 2171 Φαέ-

549 2220 762 2279 θοντα
817 2211 926 2279 καὶ
983 2215 1101 2279 τὸν
1159 2214 1502 2279 Τάνταλον
1556 2215 1626 2278 εἰ
1635 2238 1669 2291 ς

550 2323 686 2385 τὸν
733 2322 1078 2406 οὐρανὸν
1120 2319 1566 2404 ἀναβάντας
1603 2323 1673 2386 οἷ

550 2425 815 2511 ποιηταὶ
836 2427 1149 2511 λέγουσιν
1168 2441 1311 2505 ταῖς
1331 2431 1669 2513 μεγίσταις

551 2547 927 2622 συμφοραῖς
971 2547 1350 2622 περιπεσεῖν
1399 2537 1510 2601 διὰ
1543 2536 1669 2619 τὴν

550 2642 958 2729 ἀφροσύνην.

1872 522 1919 565 ο.
1955 502 2053 567 10.
2102 500 2350 566 οὐκοῦν
2385 498 2494 566 καὶ
2526 498 2714 587 ἡμεῖς
2742 500 2902 567 ὅταν

1781 607 2167 693 ἀκούσωμεν
2196 606 2425 695 ἑτέρου
2452 606 2785 693 λέγοντος,
2814 610 2901 685 ὡς

1780 717 1979 802 μικρά
2024 716 2104 780 τὰ
2149 713 2305 781 καθ’
2348 714 2517 799 ἡμᾶς
2552 716 2899 801 πράγματα

1778 820 1888 887 καὶ
1944 824 2206 909 λυπηρὰ
2262 823 2499 899 δεινῶς
2557 822 2654 907 μὴ
2708 823 2899 888 ὑπα-
2966 814 2970 819 ’

1778 933 2169 996 τενόντων
2216 926 2385 1016 μηδ’
2436 927 2898 1014 ἐπιτροπευ-

1780 1040 2057 1121 όντων,
2080 1036 2373 1115 ἔξεστιν
2402 1039 2685 1102 εἰπεῖν·
2716 1040 2898 1121 Λαμ-

1776 1146 1909 1230 πρά
1967 1146 2047 1209 τὰ
2100 1142 2258 1210 καθ’
2318 1143 2489 1229 ἡμᾶς
2550 1144 2898 1230 πράγματα

1776 1249 1885 1317 ubal
1934 1254 2214 1335 ζηλωτὸς
2256 1250 2445 1336 ἡμῶν
2496 1251 2531 1316 ὁ
2579 1254 2752 1335 βίος·
2809 1250 2897 1316 οὐ

1776 1368 2385 1445 προσαιτοῦμεν,
2451 1357 2591 1423 οὐκ
2654 1356 2896 1441 ἀχθο-

1777 1465 2895 1553 φοροῠμεν,οὐκολακεύομεν.

1867 1576 2013 1638 (1.4.
2096 1571 2205 1638 καὶ
2279 1572 2703 1658 Σωκράτης
2775 1568 2897 1656 μὲν

1778 1679 1851 1745 ἐν
1921 1690 2013 1768 τῷ
2086 1682 2509 1769 δεσμωτηρίῳ
2574 1685 2895 1763 φιλοσο-

1776 1799 1944 1872 φῶν
2004 1786 2404 1870 διελέγετο
2462 1798 2631 1862 τοῖς
2690 1783 2895 1850 ἑταί-

1777 1918 1977 1981 90119,

1777 2109 1813 2174 ὁ
1869 2105 1954 2174 δὲ
2025 2108 2358 2174 Φαέθων
2423 2108 2719 2191 ἀναβὰς
2782 2109 2896 2184 εἰς

1775 2218 1911 2281 τὸν
1957 2217 2303 2302 οὐρανὸν
2350 2218 2629 2299 ἔκλαιεν,
2677 2217 2738 2279 εἰ
2776 2240 2894 2299 μη-

1776 2321 1914 2400 δεὶς
1986 2323 2161 2412 αὐτῷ
2234 2325 2391 2400 τοὺς
2460 2331 2581 2387 τοῦ
2648 2323 2896 2410 πατρὸς

1775 2431 2018 2508 ἵππους
2080 2428 2188 2497 καὶ
2244 2431 2323 2495 τὰ
2379 2431 2634 2515 ἅρματα
2688 2451 2897 2514 παρα-

1776 2539 2071 2604 δίδωσιν.

551 2749 798 2825 Quibus
845 2749 1039 2813 addas
1087 2747 1156 2813 in
1195 2748 1487 2833 utrisque
1532 2750 1877 2833 proverbia
1920 2751 2035 2815 illa
2080 2716 2401 2841 Σπάρταν
2448 2753 2692 2835 ἔλαχες,
2738 2752 2893 2815 ταύ-

549 2880 672 2921 ταν
733 2859 963 2940 κόσμει
1028 2854 1122 2941 (π.
1171 2880 1327 2941 φυγ.
1376 2878 1424 2920 c.
1467 2859 1532 2941 83
1596 2879 1661 2922 π.
1710 2859 1946 2943 εὐθυμ.
1996 2882 2043 2923 o.
2088 2856 2198 2946 13)
2262 2863 2457 2943 atque
2522 2856 2677 2923 ἑλοῦ
2741 2861 2894 2942 βίον

550 2966 852 3051 ἄριστον,
909 2964 1082 3047 ἡδὺν
1129 2959 1203 3028 δὲ
1257 2962 1462 3029 αὐτὸν
1505 2963 1546 3047 ἡ
1603 2967 1929 3049 συνήθεια
1983 2968 2241 3049 ποιήσει
2289 2963 2381 3053 (π.
2420 2990 2576 3051 φυγ.
2625 2988 2673 3030 e.
2714 2968 2782 3050 ὃς
2828 2988 2893 3030 π.

551 3071 788 3156 εὐθυμ.
829 3094 876 3135 o.
914 3069 986 3159 4)
1002 3068 1052 3156 ¹)
1099 3069 1417 3156 adhiberi,
1465 3071 1756 3155 quamvis
1804 3071 1922 3156 ita,
1975 3076 2049 3136 ut
2094 3072 2345 3137 diversa
2388 3071 2709 3137 efficiatur
2754 3094 2893 3137 sen-

549 3179 778 3243 tentia:
826 3179 983 3243 haec
1028 3176 1230 3263 igitur
1272 3200 1405 3242 non
1447 3188 1753 3262 premam.

726 3286 943 3371 Atque
987 3284 1146 3348 haec
1193 3306 1446 3370 quoque
1492 3307 1558 3350 π.
1593 3286 1919 3371 εὐθυμίας
1966 3285 2329 3370 conscripta
2373 3307 2765 3370 quamquam
2807 3309 2889 3351 ne

550 3416 680 3456 una
715 3391 977 3476 quidem
1012 3390 1244 3455 vocula
1279 3390 1603 3476 significat
1639 3390 2025 3456 Plutarchus
2064 3392 2230 3456 unde
2270 3392 2637 3479 sumpserit,
2674 3397 2893 3457 tamen

551 3499 743 3563 certis
781 3499 1180 3583 argumentis
1219 3496 1380 3562 mihi
1417 3497 1703 3562 Heinze
1741 3496 2029 3585 (Ariston
2064 3520 2181 3564 von
2220 3498 2420 3565 Chius
2464 3499 2555 3564 bei
2591 3500 2893 3566 Plutarch

548 3607 684 3671 und
743 3606 964 3671 Horaz
1025 3605 1095 3668 111
1155 3603 1321 3668 MuS.
1370 3604 1574 3668 Rhen.
1622 3605 1745 3669 vol.
1785 3606 1873 3670 45
1928 3629 1986 3689 p.
2025 3607 2154 3669 497
2178 3601 2348 3691 sqq.)
2414 3605 2891 3672 demonstrasse

547 3714 830 3799 videtur,
886 3712 1011 3797 ipsi
1062 3711 1278 3775 deberi
1323 3710 1621 3776 Aristoni
1669 3710 1859 3796 Ohj03
1914 3734 2121 3797 neque
2168 3712 2369 3796 igitur
2416 3712 2532 3791 illa
2578 3735 2892 3777 commen-

548 3820 816 3885 tationis
863 3842 929 3886 π.
958 3828 1178 3904 φυγῆς
1223 3818 1436 3902 capita
1481 3818 1737 3883 aliunde
1784 3824 2043 3903 sumpta
2088 3842 2226 3883 esse
2271 3824 2563 3905 possunt.
2684 3892 2689 3901 ⁸

729 3929 785 3993 3.
841 3925 1158 3991 Nostrum
1211 3924 1414 4011 igitur
1469 3924 1616 4011 erit,
1672 3925 1895 3990 libello
1940 3948 2004 3991 π.
2043 3951 2263 4011 φυγης
2314 3928 2740 4012 percurrendo
2787 3927 2887 3989 de-

549 4039 936 4120 monstrare,
985 4032 1242 4119 singula
1281 4032 1609 4097 Aristonis
1657 4032 1919 4117 ingenio
1965 4035 2373 4121 respondere,
2420 4034 2605 4120 quale
2640 4031 2883 4096 Heinze

692 4214 746 4281 1)
792 4210 1008 4265 Eadem
1051 4209 1198 4263 ratio
1211 4252 1225 4278 ‚
1281 4226 1394 4277 qua
1448 4208 1540 4262 hio
1593 4209 1952 4277 proverbium
1997 4210 2142 4264 illud
2185 4210 2507 4281 corrigitur,
2559 4209 2753 4263 subest
2801 4208 2890 4262 illi

547 4300 980 4355 Lacedaemonii
1013 4314 1306 4369 response,
1354 4297 1451 4366 qui
1486 4298 1891 4368 interrogatus,
1937 4302 1998 4353 τί
2035 4298 2269 4369 παρέχει
2312 4302 2713 4370 παιδαγωγῶν,
2764 4297 2891 4367 ,,Τὰ

547 4390 743 4458 καλὰ,
783 4388 920 4459 ἔφη,
964 4395 1081 4451 τοῖς
1123 4388 1320 4441 παισὶν
1355 4385 1526 4455 ἡδέα
1562 4392 1745 4441 nomast
1782 4387 1951 4458 (Plut.
1988 4390 2112 4445 virt.
2144 4391 2257 4444 doe.
2280 4406 2436 4458 posse
2473 4407 2519 4445 e.
2552 4392 2623 4460 2).
2696 4389 2786 4443 Ad
2825 4404 2895 4442 ea

547 4496 692 4548 quae
732 4480 1039 4547 sequuntur
1074 4477 1143 4533 cf.
1183 4479 1248 4531 de
1281 4478 1408 4546 fort.
1447 4494 1492 4532 c.
1525 4483 1556 4529 5
1585 4496 1638 4547 p.
1671 4483 1738 4530 99
1759 4478 1823 4533 D.
2433 4510 2436 4513 -
2892 4500 2897 4511 ⁴·
