3309 5167
1501 360 1927 423 „42-

636 516 806 582 Plut.
836 542 894 603 p.
922 519 1050 583 606
1074 516 1135 581 D
1193 520 1284 583 Τὰ
1324 516 1384 583 δ’
1429 516 1574 603 ἑξῆς
1610 528 1733 584 τοῦ
1768 521 2144 608 Εὐριπίδου
2330 522 2580 589 Muson.
2610 548 2669 609 p.
2706 526 2808 612 75,
2836 528 2877 589 9

548 624 708 691 ποῖά
752 623 878 690 τιν’
934 624 1138 709 ἐστίν,
1393 682 1405 699 ,
2241 631 2497 699 τούτων
2552 628 2627 697 δὲ
2676 632 2881 718 ταύτῃ

552 736 669 797 ΙΟ.
726 733 822 797 Ac
873 728 933 796 δ’
997 730 1257 809 ἐλπίδες
1301 734 1616 817 βόσκουσι
1663 734 1999 819 φυγάδας,
2050 736 2143 814 ὡς
2242 736 2561 823 ἐχόντων,
2628 742 2691 805 εἰ
2760 736 2883 825 μὲν

1831 845 2053 925 λόγος;
2240 842 2543 928 ἀγαθὸς
2584 841 2655 911 εἷ
2687 842 2882 924 οὗτος

550 950 958 1024 ΠΟ.Καλοῖς
973 943 1288 1031 βλέπουσι
1304 940 1364 1029 γ’
1392 950 1700 1031 ὄμμασιν,
1720 946 2032 1033 μέλλουσι
2048 948 2139 1015 δέ.
2238 947 2348 1017 καὶ
2412 952 2546 1031 τὰς
2605 953 2883 1040 ἀρετὰς

547 1052 672 1121 καὶ
746 1064 977 1120 τοῦτο
1059 1064 1194 1138 τῆς
1265 1054 1725 1141 ἀβελτερίας
1797 1058 2140 1142 ἔγκλημα
2240 1060 2469 1143 ἔχεις,
2517 1060 2639 1126 οὐκ
2681 1062 2767 1127 ἄν
2809 1078 2882 1127 σε

547 1168 843 1248 μᾶλλον
889 1162 929 1245 ἢ
973 1170 1108 1245 τῆς
1162 1170 1418 1247 φυγῆς
1473 1161 1713 1229 ἐστιν·
1775 1161 1857 1228 οὐ
1901 1165 2027 1250 γὰρ
2075 1165 2146 1229 οί
2238 1165 2516 1251 βλάπτοι
2592 1166 2633 1251 ἡ
2699 1168 2881 1253 φυγὴ

547 1272 940 1356 μαθόντες
1003 1266 1164 1334 οὐδ’
1229 1268 1734 1354 ἐπιστάμενοι
1795 1278 2139 1357 χρῆσθαι
2240 1271 2386 1338 οὐδ’
2428 1273 2513 1339 ἂν
2557 1278 2880 1359 ταπανοίη

547 1390 714 1455 τοῖς
749 1385 1170 1463 παροῦσιν,
1202 1373 1343 1442 ἀλλ’
1387 1376 1458 1441 οί
1490 1374 1594 1441 ἀεὶ
1628 1386 1749 1442 τοῦ
1786 1376 2141 1462 μέλλοντος
2237 1384 2590 1467 παρόντων
2632 1406 2707 1465 γε
2743 1394 2879 1448 τῶν

548 1484 1014 1572 ἐκκρεμάμενοι
1068 1481 1179 1549 καὶ
1233 1485 1608 1569 γλιχόμενοι
1654 1496 1790 1550 τῶν
1834 1482 2141 1551 ἀπόντων
2240 1488 2605 1573 ὠφελεῖν
2768 1487 2879 1554 καὶ

547 1593 638 1670 ὡς
702 1589 808 1657 ἐπὶ
875 1592 1138 1676 σχεδίας
1193 1589 1624 1678 διαφέρονται
1683 1600 1800 1676 τῆς
1855 1588 2141 1677 ἐλπίδος,
2242 1594 2599 1682 ἐπαίρειν
2694 1595 2881 1679 μάλι-

545 1699 671 1765 κᾶν
706 1697 1029 1785 μηδέποτε
1065 1706 1186 1764 τοῦ
1231 1700 1488 1783 τείχους
1525 1697 1709 1778 ἐκτὸς
1744 1696 2141 1786 προέλθωσι.
2242 1718 2361 1767 στα
2462 1699 2881 1786 δυναμένων.

636 1811 752 1872 Io,
804 1810 1000 1874 Φίλοι
1049 1802 1122 1872 δὲ
1167 1808 1412 1892 πατρὸς
1455 1804 1566 1871 καὶ
1613 1804 1790 1885 ξένοι
1836 1804 1897 1871 σ’
1950 1806 2071 1873 οὐκ
2241 1810 2313 1873 εἰ
2348 1805 2431 1874 δὲ
2466 1808 2883 1894 τυγχάνεις

1604 1911 1991 1999 ὠφέλουν;
2239 1917 2473 1993 κακὸς
2509 1918 2633 2000 ὥν,
2672 1916 2713 2001 ἡ
2750 1940 2882 1981 κα-

635 2026 765 2086 ΠΟ
767 2069 1966 2085 ............
2238 2025 2365 2086 κία
2422 2038 2503 2087 σε
2557 2023 2882 2108 βλάπτει

636 2133 751 2194 ΙΟ.
795 2126 958 2194 Οὐδ’
991 2129 1299 2212 ηὑγενεία
1329 2121 1388 2193 σ’
1415 2122 1506 2214 ᾗρ
1521 2142 1605 2191 εν
1631 2129 1727 2205 εἰς
1752 2127 1923 2206 ὕψος
1946 2124 2140 2212 μέγας
2238 2126 2541 2215 καὶούχ
2572 2129 2612 2215 ἡ
2652 2134 2879 2216 φυγή.

636 2241 765 2301 ΠΟ
768 2284 1951 2300 ............

721 2361 865 2425 Hoc
910 2382 1166 2445 quoque
1213 2360 1355 2424 loco
1401 2358 1740 2423 Musonius
1788 2358 2096 2424 virtutem
2142 2358 2555 2447 Cynicorum,
2602 2385 2765 2448 quae
2812 2363 2881 2428 in

545 2491 668 2532 usu
695 2467 910 2553 posita
929 2472 1044 2552 est,
1075 2490 1220 2531 cum
1238 2466 1479 2531 virtute
1501 2464 1884 2551 Stoicorum,
1914 2489 2075 2551 quae
2094 2466 2163 2531 in
2182 2467 2549 2553 cognitione
2569 2476 2880 2556 versatur,

545 2574 992 2660 commutavit3
1028 2596 1370 2660 personam
1397 2572 1743 2637 secundam
1770 2572 2039 2639 retinuit
2067 2574 2343 2660 quidem,
2372 2576 2484 2641 sed
2512 2578 2881 2645 obscuravit

543 2682 888 2766 pristinam
944 2680 1256 2747 orationis
1314 2682 1590 2765 figuram
1633 2679 1848 2745 verbis
1898 2678 1984 2765 (p.
2020 2681 2119 2767 75,
2152 2680 2265 2769 16)
2312 2692 2517 2748 ταῦτα
2562 2682 2671 2749 καὶ
2716 2688 2881 2773 πρὸς

544 2788 832 2874 ἐμαυτὸν
887 2791 1116 2871 ἔλεγον
1159 2785 1263 2853 ἀεὶ
1307 2784 1417 2853 καὶ
1463 2788 1629 2872 πρὸς
1674 2786 1747 2853 σὲ
1792 2790 1961 2870 λέγω
2006 2797 2165 2873 νῦν,
2214 2793 2524 2874 tanquam
2569 2797 2880 2880 vereatur,

540 2919 622 2961 ne
678 2896 1029 2981 quidquam
1092 2896 1230 2961 eius
1295 2895 1649 2979 perluceat,
1700 2917 1865 2978 ¹cum
1918 2894 2050 2959 iam
2103 2918 2299 2979 supra
2352 2895 2590 2962 dixerit
2642 2898 2882 2966 similia

543 3001 632 3088 (p.
676 3004 776 3088 74,
812 3004 897 3068 29
945 2994 1047 3081 οἷς
1093 2999 1168 3068 δὲ
1213 3008 1554 3087 λογισμοῖς
1581 3053 1594 3066 .
1627 3002 1689 3083 .).
1771 3000 2161 3067 Praesertim
2208 3007 2421 3068 autem
2469 3006 2667 3070 verba
2716 3028 2881 3093 παρ-

545 3111 759 3175 όντων
821 3133 895 3192 γε
959 3120 1093 3175 τῶν
1157 3110 1494 3194 ὠφελεῖν
1554 3090 1664 3173 καὶ
1730 3107 2087 3195 ἐπαίρειν
2148 3110 2429 3193 μάλιστα
2489 3111 2879 3198 δυναμένων

545 3216 805 3281 omnino
833 3216 1114 3302 intelligi
1141 3220 1470 3301 nequeunt
1495 3215 1625 3281 nisi
1652 3220 2108 3300 comparantur
2130 3238 2277 3281 cum
2294 3216 2502 3284 forma
2517 3219 2876 3304 principali.

722 3323 928 3401 Quam
983 3322 1328 3408 genuinam
1388 3324 1558 3409 apud
1610 3323 2032 3389 Plutarchum
2084 3329 2407 3390 servatam
2460 3348 2599 3391 esse
2655 3329 2881 3392 confir-

544 3435 761 3496 matur
794 3435 1166 3516 comparato
1204 3432 1345 3496 loco
1373 3430 1613 3497 Teletis
1647 3428 1735 3518 (p.
1758 3432 1861 3516 28,
1887 3432 2009 3517 12),
2048 3431 2162 3496 ubi
2190 3430 2415 3499 Crates
2452 3432 2881 3519 interroganti

543 3542 655 3623 ,,τί
705 3540 884 3603 ἔσται
935 3562 1046 3624 μοι
1093 3539 1665 3623 φιλοσοφήσαντιις
1683 3534 1731 3624 ¹)
1781 3539 2125 3624 respondet
2169 3587 2210 3623 ,,
2220 3541 2431 3625 βιώσῃ
2476 3540 2883 3628 ἀρκούμενος
2998 3584 3006 3591 ·

543 3657 684 3723 τοῖς
717 3654 1025 3732 παροῦσι,
1061 3656 1196 3711 τῶν
1233 3645 1538 3711 ἀπόντων
1574 3643 1697 3711 οὐκ
1736 3644 2105 3731 ἐπιθυμῶν,
2141 3658 2283 3724 τοῖς
2320 3651 2764 3733 συμβεβηκόσι
2800 3650 2881 3716 οὐ

545 3754 1027 3839 δυσαρεστῶνζς.
1109 3752 1283 3830 Quae
1333 3775 1477 3817 cum
1513 3753 1802 3817 Teletem
1848 3775 1963 3837 per
1998 3751 2271 3818 Bionem
2310 3754 2626 3839 recepisse
2662 3756 2877 3821 Hense

544 3860 1082 3926 demonstraverit
1127 3861 1440 3946 (prolegg.
1470 3883 1529 3944 p.
1562 3860 1725 3946 CV),
1771 3861 1942 3925 haud
1978 3859 2117 3925 veri
2156 3860 2471 3927 dissimile
2518 3868 2618 3928 est
2660 3862 2766 3927 hic
2809 3862 2877 3926 in

687 4145 739 4215 1)
786 4144 865 4200 cf.
906 4145 1059 4199 dicta
1104 4144 1486 4200 Chaerecratis
1543 4147 1600 4199 et
1646 4144 1901 4200 Platonis
1958 4144 2130 4199 simili
2176 4140 2603 4212 interrogationi
2648 4156 2871 4209 respon-

543 4233 796 4287 dentium
842 4232 901 4287 in
937 4234 1132 4288 Gnom.
1162 4234 1347 4289 Vatic.
1387 4234 1471 4289 ed.
1513 4234 1731 4289 Sternb.
1761 4234 1967 4298 (Wien.
2004 4236 2145 4290 stud.
2184 4234 2281 4302 XI)
2319 4250 2370 4285 n.
2408 4236 2527 4284 41¹7.
2557 4234 2678 4297 430,
2716 4228 2873 4283 Anti-

543 4322 755 4377 sthenis
802 4324 860 4377 et
905 4322 1172 4393 Diogenis
1212 4324 1396 4379 Lacrt.
1433 4324 1596 4394 Diog.
1627 4324 1721 4391 VI,
1756 4329 1787 4378 6
1825 4324 1907 4394 (τὸ
1944 4324 2233 4378 δύνασθαι
2270 4315 2447 4391 ἐαυτῷ
2486 4318 2739 4389 ὁμιλεῖν),
2778 4325 2874 4388 63;

543 4409 783 4465 Cratetis
821 4410 1033 4465 dictum
1071 4411 1163 4480 VI,
1193 4417 1262 4467 86
1299 4410 1384 4467 ὅτι
1430 4407 1500 4467 ἐκ
1549 4414 1965 4481 φιλοσοφίας
2001 4414 2178 4483 αὐτῷ
2214 4405 2651 4479 περιγένοιτο
2766 4440 2769 4443 «

1053 4502 1284 4571 Θερμῶν
1321 4521 1380 4557 τε
1415 4504 1594 4571 χοῖνιξ
1631 4502 1733 4557 καὶ
1767 4502 1828 4557 τὸ
1867 4501 2106 4572 μηδενὸς
2140 4499 2343 4569 μέλειν.
